2850 5032
128 183 191 251 416
438 202 485 249 nn
508 200 723 250 1101113110
747 198 967 251 1010311010

88 410 97 431 „
129 355 183 419 sed
213 355 408 439 transposito
435 365 562 434 emptum
594 356 629 419 in
658 356 833 420 concinnos
867 355 1098 446 elegantesque
1127 376 1279 420 numeros

130 464 343 530 convertant?
369 463 515 529 Haecine
536 465 756 529 inconstantia
779 469 828 530 est
848 487 978 550 prorsus
994 485 1110 529 carens
1130 465 1278 530 ratione?

129 575 429 660 Asimplicioribus
458 578 564 639 autem
592 598 686 660 quem
716 576 907 640 admodum
932 575 967 640 in
990 597 1055 639 uno
1078 597 1206 661 quoque
1228 597 1278 660 ge

128 708 205 750 nere
234 685 274 750 ad
296 687 417 750 maiora
439 689 472 751 et
492 685 696 768 impeditiora
724 686 762 750 fit
783 708 971 771 progressus
993 686 1128 770 quidam
1151 688 1184 749 et
1206 707 1279 750 vero

47 834 53 840 ·
130 799 179 859 est
200 797 316 878 factus,
340 796 386 859 ita
408 795 483 880 quid
505 796 621 859 mirum
644 797 670 860 si
692 818 752 860 nos
774 818 898 880 quoque
925 818 993 861 non
1014 799 1144 860 tautum
1171 795 1279 880 paullo

130 906 275 991 pluribus
297 906 503 990 transpositis
526 928 595 991 arg.
614 905 713 971 Mero.
741 908 757 969 1
781 909 827 970 310
849 907 1085 971 restituendum
1106 905 1280 971 dixerimus

270 1049 379 1107 11113313
402 1047 575 1107 adulescens
598 1048 636 1106 ab
659 1067 713 1106 suo
736 1051 899 1108 mercatdm
925 1050 1011 1124 patre

129 1199 188 1264 pro
216 1200 253 1243 eo
281 1178 366 1263 quod
388 1181 437 1242 est
457 1178 493 1241 in
515 1177 606 1241 libris
628 1192 795 1244 mercatam
818 1184 856 1243 ab
878 1200 931 1243 sno
953 1184 1142 1261 adulescens,
1170 1199 1283 1242 verum

131 1291 244 1373 etiam,
273 1287 375 1353 sicubi
404 1287 486 1352 nihil
515 1288 625 1352 auxilii
654 1310 671 1352 e
698 1289 948 1374 transpositione
976 1289 1044 1373 peti
1066 1289 1181 1373 possit,
1210 1288 1283 1352 aliis

131 1398 322 1464 emendandi
348 1399 471 1463 artibus
497 1402 625 1463 utamur
647 1400 708 1483 eis,
738 1422 818 1485 quae
846 1398 881 1463 in
910 1402 997 1463 certa
1026 1398 1283 1482 corruptelarum

130 1530 251 1595 genera
278 1509 496 1574 conveniant?
544 1500 643 1573 Velut
672 1509 788 1594 elapsis
822 1509 1025 1573 librariorum
1058 1508 1188 1572 incuria
1218 1510 1283 1573 sin·

130 1621 215 1705 gulis
237 1621 289 1685 vel
311 1619 442 1705 syllabis
466 1621 515 1684 vel
531 1619 652 1684 voculis
674 1641 768 1712 nemo
791 1623 839 1684 est
858 1619 1002 1704 profecto
1025 1618 1103 1703 quin
1125 1617 1284 1702 plurimos

130 1752 240 1795 versus
268 1731 405 1815 turpiter
433 1752 501 1794 esse
525 1733 691 1814 corruptos
715 1730 879 1813 concedat,
914 1728 1086 1814 inquibus
1108 1728 1219 1793 nullus
1242 1731 1285 1793 311

131 1840 239 1905 hiatus
266 1842 381 1906 factus.
426 1839 544 1915 Quales
571 1839 606 1904 in
638 1840 688 1904 his
717 1840 928 1925 Argumentis
955 1842 1084 1922 praeter
1113 1838 1195 1904 alios
1226 1839 1286 1903 hos

131 1951 230 2015 habes
253 1952 346 2015 Asin.
370 1952 400 2015 3.
426 1950 519 2035 Caph.
542 1951 574 2014 4.
599 1950 677 2014 (list.
704 1951 752 2014 10.
777 1950 871 2035 Epid.
895 1952 926 2013 2.
951 1949 1050 2014 Mero.
1074 1949 1109 2012 6:

272 2119 422 2176 numerari
444 2118 533 2177 iussit
560 2136 645 2177 servo
668 2117 836 2177 Leonidae:

275 2206 393 2261 tantum
416 2204 540 2262 studens
562 2205 597 2261 ut
618 2205 725 2261 natum
747 2205 917 2278 recuperet:

273 2288 377 2364 itaque
399 2288 465 2364 lege
487 2290 518 2346 et
539 2287 597 2346 1110
620 2289 714 2348 civem
742 2289 909 2364 cognitam:

273 2379 418 2449 persuasu
440 2373 519 2432 scrvi
541 2377 633 2449 atque
655 2374 848 2432 conductam:

273 2459 369 2517 tradit
391 2458 499 2518 vicino.
523 2477 591 2516 eum
613 2461 702 2534 putat
724 2477 800 2517 uxor
821 2458 894 2517 sibi:

133 2617 179 2679 sic
201 2615 287 2678 enim
308 2613 343 2678 hi
365 2614 476 2698 scripti
500 2621 576 2678 sunt
598 2616 633 2679 in
656 2614 827 2678 codicibus,
855 2613 990 2679 Hisoine
1012 2616 1114 2701 igitur
1136 2615 1291 2683 versibus

132 2729 168 2789 ut
195 2723 380 2809 supplendis
400 2725 524 2789 lacunis
541 2726 791 2789 succurrendum
813 2725 855 2788 sit
877 2726 1066 2809 necessario,
1093 2749 1162 2791 non
1187 2729 1291 2794 liceat

134 2836 171 2899 de
199 2834 316 2899 lacuna
343 2835 409 2898 ulla
438 2836 596 2920 cogitare,
626 2835 726 2899 sicubi
750 2835 799 2900 vel
827 2836 862 2899 in
884 2835 1014 2920 reliquis
1036 2838 1168 2901 sedibus
1193 2839 1291 2904 hient

134 2949 166 3009 et
187 2946 343 3009 fatiscant
366 2948 399 3008 et
417 2945 602 3011 dilabantur
617 2946 764 3010 versiculi
770 2996 779 3029 ,
803 2950 840 3010 ut
855 2945 975 3029 Amph.
996 2948 1026 3010 3.
1044 2946 1119 3011 Aul.
1139 2949 1171 3012 7.
1191 2951 1292 3015 Cure.

136 3059 163 3119 1.
188 3058 218 3119 2.
243 3053 337 3140 Epid‘.
361 3057 392 3120 5.
417 3056 515 3121 Mero.
542 3055 693 3122 11001.
718 3057 754 3120 6:

274 3226 329 3281 pro
352 3207 451 3281 patria
472 3207 654 3281 Amphitruo
678 3207 749 3264 dum
773 3206 866 3264 0011111
888 3226 955 3265 curn
977 3207 1134 3267 hostibus:

274 3311 306 3349 10
329 3292 410 3350 omni
432 3292 567 3365 inspecta
589 3291 800 3366 compresson's
823 3292 971 3351 servolus:

274 3376 413 3435 Curculio
436 3377 545 3435 missus
567 3376 747 3435 Phaedromi
769 3376 794 3433 it
817 3374 949 3434 Cariam:

274 3466 309 3520 ut
331 3465 416 3536 petat
439 3465 606 3538 argentum.
630 3461 672 3518 ibi
694 3461 790 3518 cludit
813 3461 919 3520 anulo:

273 3547 439 3622 inprudens
461 3545 577 3604 iuvenis
601 3565 786 3620 compressae
809 3565 842 3603 ao
866 3546 984 3605 militis:

277 3632 395 3689 obduxe
419 3635 559 3690 scortum.
583 3634 649 3689 tum
674 3630 837 3689 Charinum
861 3651 895 3688 ex
918 3631 1006 3707 fuga:

276 3714 377 3775 lenoni
401 3716 547 3774 obtrudit.
570 3717 613 3774 ita
636 3736 702 3773 cum
727 3717 808 3773 furto
832 3716 953 3792 alligat:

136 3864 184 3928 vel
213 3866 246 3928 in
268 3864 338 3948 ipso
360 3865 440 3948 pede
462 3864 558 3927 tertio
586 3863 635 3926 his
658 3863 828 3947 exemplis,
858 3885 938 3947 quae
966 3864 1076 3928 statim
1106 3869 1294 3948 quomodo

135 3975 385 4057 redintegranda
408 3978 518 4058 putem
541 3974 704 4058 significo:

280 4143 402 4199 atinde
425 4143 543 4216 pridem
568 4137 653 4219 [esso]
679 4143 867 4217 burigratnm.
891 4141 1070 4201 intervenit:

278 4227 304 4283 ei
327 4231 465 4301 3111101110
489 4223 631 4305 [illorum]
656 4228 750 4284 1111010
774 4247 853 4285 111013
877 4227 1002 4304 optigit:
1053 4228 1057 4244 ““
