2850 5032
211 273 275 337 270
554 289 776 347 nnossamvn
798 288 1011 337 rnsvrmvn.

211 448 245 505 id
276 442 397 505 scribas
422 463 492 505 cum
515 441 689 506 editoribus
700 445 731 523 *)
760 443 811 506 vel
840 464 879 506 ex
913 447 1030 521 post-id
1049 443 1163 505 natum
1184 439 1357 523 arbitrere,

211 553 294 635 quod
327 553 433 637 potius
465 559 583 632 posti-d
615 553 660 633 (h.
685 575 711 616 e.
732 556 879 634 pos-ted)
901 552 965 615 fuit
986 551 1178 636 antiquitus,
1213 551 1296 615 satis
1319 572 1360 615 ea

210 661 428 747 disputatione
463 667 591 727 cautum
622 667 671 727 est
703 685 799 747 quam
835 662 938 726 Musei
975 660 1125 726 Rhenani
1156 664 1180 725 t.
1212 660 1295 726 VII]
1323 684 1356 747 p.

213 774 272 837 156
295 796 364 858 sqq.
389 773 460 838 coil.
485 773 548 838 VH
569 797 601 859 p.
624 774 687 838 574
710 795 777 858 sqq.
802 772 963 857 pertenui:
995 794 1077 856 quae
1098 771 1225 856 quidem
1247 771 1358 856 dispu-

209 884 291 947 tatio
313 885 412 948 etiam
434 884 474 948 ad
497 885 674 968 proximam
697 889 845 948 antidbac
866 882 1007 968 glossam
1027 882 1177 967 pertinet.

297 995 358 1058 100
379 1001 565 1060 antidltac
595 996 717 1059 formae
749 993 866 1057 mirum
899 996 948 1057 est
968 1015 1068 1057 unum
1090 991 1151 1057 hoc
1172 993 1357 1078 exemplum

210 1105 484 1189 aglossographo
517 1106 639 1189 notari,
679 1109 714 1168 ut
735 1092 827 1189 'quac
859 1104 992 1167 noviens
1025 1102 1110 1187 apud
1132 1102 1284 1168 Plautum
1307 1127 1359 1169 re·

211 1215 359 1297 deat**):
396 1217 502 1300 magis
533 1217 649 1279 mimm
682 1215 766 1299 quod
793 1215 827 1278 in
849 1216 919 1278 tota
942 1211 1052 1279 Sticho
1073 1213 1184 1278 fabula
1205 1213 1264 1278 illa
1286 1216 1358 1300 qui-

210 1325 282 1389 dem
300 1348 458 1409 nusquam
479 1325 608 1410 legitur,
643 1325 698 1389 sed
720 1325 817 1389 semel
840 1329 980 1396 antebac,
1014 1324 1109 1408 idque
1132 1345 1168 1387 eo
1190 1324 1270 1408 ipso-
1285 1326 1358 1390 loco

209 1458 303 1520 quem
335 1437 428 1500 modo
460 1436 704 1521 perscripsimus
737 1436 837 1514 §99:
875 1435 929 1498 ubi
953 1434 992 1498 ad
1014 1455 1163 1498 numeros
1184 1456 1226 1498 ne
1248 1439 1359 1519 potest

209 1547 337 1631 quidem
370 1552 517 1612 antidbac
555 1546 786 1611 accommodari
816 1545 880 1609 nisi
908 1548 940 1608 et
966 1545 1119 1628 pinguius
1142 1548 1269 1609 etcum
1293 1545 1357 1610 ele·

210 1659 341 1742 gantiae
363 1657 554 1721 detrimento
576 1658 623 1721 sic
645 1657 878 1740 transpositum
900 1658 936 1719 Si
955 1658 1013 1719 bo'c
1034 1660 1153 1747 educis,
1173 1658 1308 1735 proinde
1322 1669 1357 1721 at

209 1771 356 1833 antidtcic
387 1770 569 1845 consuetas,
608 1771 750 1833 cc'leriter
774 1805 822 1830 —.
854 1764 900 1828 Vt
922 1764 1002 1829 iliud
1023 1786 1089 1828 non
1112 1786 1180 1830 esse
1202 1787 1220 1829 e
1242 1766 1356 1831 codice

209 1881 388 1963 sumptum,
421 1879 475 1942 sed
498 1900 537 1941 ex
559 1877 786 1962 intempestiva
808 1874 1028 1940 recordatione
1051 1875 1187 1939 aliorum
1208 1877 1355 1942 locorum

208 2012 266 2074 per
297 1988 547 2074 imprudentiam
576 1991 689 2052 natum
722 1987 878 2050 videatur.
901 2025 944 2034 -
977 1985 1126 2052 Ceterum
1147 1987 1356 2082 memorabile

208 2103 268 2183 est,
303 2122 400 2184 quam
434 2100 516 2162 miro
549 2101 802 2182 temperamento
835 2100 867 2160 et
896 2099 1060 2180 tamquam
1081 2095 1218 2180 quadarn
1239 2097 1356 2162 incon·

208 2210 347 2274 stantiae
380 2209 561 2293 pervicacia
591 2230 694 2271 sermo
715 2206 885 2270 Plautinus
907 2207 1023 2292 probet
1044 2212 1192 2271 antidlrac
1211 2213 1356 2288 postidea

208 2321 338 2401 formas
363 2319 491 2403 ignoret
512 2317 582 2401 pari
603 2339 732 2401 prorsus
756 2317 906 2401 analogia
921 2316 1020 2381 fultas
1031 2322 1195 2397 pontianae
1209 2324 1355 2401 dalidam

208 2430 322 2513 probet
341 2435 446 2509 postid
463 2434 577 2507 postibi
592 2434 716 2508 postilla
736 2434 891 2506 postillac,
920 2428 1049 2511 ignoret
1069 2432 1159 2492 antid
1178 2432 1277 2492 anteiri
1296 2449 1355 2493 aa·

208 2547 274 2604 tilla
298 2546 436 2605 uatittac.
472 2538 579 2613 Quid?
601 2539 684 2622 quod
706 2559 748 2602 ne
770 2549 862 2601 antea
885 2538 1012 2621 quidem
1035 2538 1192 2602 adscitum
1207 2541 1267 2622 est,
1291 2560 1355 2602 nec

207 2651 312 2734 ipsum
334 2661 496 2730 antequam
519 2653 588 2733 (pro
611 2670 673 2732 quo
696 2651 881 2712 constanter
897 2656 1076 2729 prinsquam
1091 2648 1231 2730 dicitur),
1255 2648 1355 2733 idque

208 2833 408 2841 ——..·.--...—..

275 2931 299 2997 *Ι
329 2931 444 2985 Praeter
471 2948 504 2986 es
532 2946 604 2999 quae
628 2947 712 2999 snpra
734 2928 826 2999 posita
848 2928 935 2983 habes
954 2927 1081 2998 exempla
1096 2930 1194 2998 postid
1210 2928 1355 2999 scriptura

206 3025 380 3078 restituenda
405 3025 495 3078 Aulul.
515 3025 560 3091 IV,
581 3031 626 3090 10,
647 3030 676 3077 19
703 3026 804 3079 Po'stid
828 3027 856 3080 si
881 3026 1019 3092 deprensi
1044 3026 1148 3089 simus,
1175 3023 1353 3081 incusemus

206 3120 302 3175 e'brios
319 3149 352 3157 -
370 3134 404 3171 ex
422 3117 552 3172 Guilelmi
565 3117 700 3186 Wagneri
719 3116 914 3170 emendatione
932 3116 971 3183 (in
986 3116 1028 3169 ed.
1044 3114 1266 3184 Cantabrigiensi
1283 3117 1353 3170 anni

207 3215 296 3279 1866);
327 3212 388 3265 Cas.
412 3212 482 3280 prol.
507 3219 539 3264 33
563 3212 697 3280 Diphilus
720 3213 805 3266 Hanc
825 3212 929 3278 proice
953 3213 1085 3279 scripsit,
1110 3210 1208 3279 pa'stid
1228 3227 1353 3268 rursum

205 3306 299 3362 dinuo
328 3306 429 3362 Latine
457 3307 580 3362 Plautus
610 3326 654 3369 —3
685 3303 744 3357 Cas.
769 3305 793 3367 Ι,
816 3311 848 3357 42
875 3304 977 3361 Postid
996 3321 1060 3361 cam
1084 3305 1180 3361 iussas
1201 3304 1300 3374 saeris
1323 3313 1353 3362 et

204 3400 359 3468 fanaticas
376 3421 421 3464 —;
441 3398 528 3452 Stichi
545 3399 566 3462 I,
579 3404 602 3463 2,
615 3404 647 3451 ‘29
661 3400 715 3464 (86)
734 3398 836 3454 Pistid
852 3401 940 3465 ipitar
957 3395 1069 3464 de'indt,
1090 3405 1120 3454 at
1137 3400 1251 3454 animus
1268 3398 1353 3456 me'as

205 3496 275 3558 crit,
298 3493 407 3562 incisim
426 3494 523 3561 palam
542 3513 587 3556 -3
614 3490 691 3544 Trin.
711 3491 748 3556 ll,
768 3497 796 3556 4,
816 3495 864 3544 128
882 3493 952 3558 (529)
979 3490 1087 3556 postici,
1108 3492 1250 3561 frameati
1266 3509 1352 3559 quom

206 3585 275 3642 aiibi
292 3590 392 3643 messis
410 3585 575 3643 maxumast
597 3607 642 3650 —;
668 3584 748 3637 Truc.
768 3583 801 3648 ΙΙ,
820 3589 844 3648 Ι,
862 3589 894 3636 67
913 3583 1015 3642 Postt'd
1031 3601 1080 3652 epo
1099 3592 1200 3646 tecam,
1219 3584 1283 3640 me'a
1303 3602 1352 3642 vo·

205 3681 309 3748 laptas,
331 3682 418 3748 usqae
437 3696 487 3736 ero
506 3709 538 3718 -
560 3695 594 3732 cx
612 3677 705 3732 Bothii
724 3675 930 3742 emerentiana
953 3676 990 3730 ib.
1011 3675 1058 3743 IV,
1077 3682 1105 3742 2,
1123 3683 1157 3730 6⁶2
1179 3677 1281 3735 Pistid
1296 3694 1352 3747 epo

206 3775 320 3829 ainaim
338 3776 493 3830 te'iniciam
511 3773 695 3841 qaddrapuli.
711 3771 844 3839 venifica,
864 3771 895 3823 ut
912 3768 1065 3824 rectissime
1077 3768 1271 3824 Fleckeisenus
1288 3786 1351 3825 cor·

205 3865 277 3919 rexit
294 3865 369 3920 Misc.
394 3866 454 3920 crit.
474 3883 501 3935 p.
521 3872 561 3920 36.
588 3863 743 3941 ‘Vrii-atum
766 3863 791 3917 ei
812 3864 906 3917 sedem
931 3862 1007 3917 vides
1032 3862 1062 3914 in
1087 3862 1225 3951 priqcipio
1250 3878 1351 3917 versus

205 3975 277 4013 osse:
307 3961 405 4013 contra
427 3962 511 4027 atque
535 3966 651 4028 postea,
675 3959 697 4012 si
719 3974 775 4010 noa
792 3974 915 4026 semper,
939 3957 1050 4011 attero
1079 3972 1191 4026 semper
1218 3955 1350 4011 ultimum

204 4070 298 4106 vorsus
315 4053 406 4106 locum
425 4054 550 4122 occupat,
568 4051 771 4121 paenultimam
788 4051 951 4119 plerumque
967 4051 1109 4119 postidea,
1128 4053 1248 4106 interca.

271 4147 312 4212 **)
330 4146 400 4200 Tam
414 4150 507 4201 auteur
521 4164 556 4200 oa
568 4145 688 4199 insolens
707 4143 784 4197 Italis
804 4143 905 4197 criticis
923 4143 984 4209 suit,
1002 4145 1034 4197 ut
1051 4159 1151 4198 novem
1169 4142 1236 4196 locis
1254 4143 1349 4212 singu-

204 4239 237 4292 lis
256 4239 413 4308 Lipsiensis,
431 4239 552 4309 quinquo
571 4239 655 4292 etism
674 4237 760 4291 editio
778 4236 908 4306 princeps
926 4239 1049 4295 antehae
1065 4235 1269 4291 substituerint.
1295 4235 1349 4292 Pa-

204 4333 352 4386 latinarum
371 4332 536 4401 scripturam
554 4331 660 4401 primus
679 4329 853 4385 Camerarius
870 4331 974 4399 ubique
992 4331 1106 4400 recepit.
