2894 5040
550 260 766 322 vsumoovrr
789 261 976 308 rurvrmr.
1270 246 1334 310 429

145 406 334 483 Quorum
361 414 468 499 priore
495 415 560 479 iam
586 414 788 499 intellegitur
815 436 875 479 nec
901 415 1005 478 fulcro
1034 414 1284 499 ‘paragogioae’
1314 421 1336 478 d

145 518 319 591 litterae
341 546 421 610 opus
443 546 513 590 esse
535 546 596 590 nee
617 524 794 609 praemissa
816 525 857 587 ab
872 523 1061 588 Hermanno
1076 532 1136 589 ium
1159 523 1333 608 particula:

147 650 248 697 nee
271 637 379 722 magis
400 656 448 700 me
468 635 658 720 pronomine
679 636 714 700 in
736 634 922 719 posteriore,
946 634 1028 718 quod
1051 638 1083 699 et
1097 638 1225 718 praeter
1238 635 1334 699 fidem

150 737 347 811 librorum
369 749 402 811 et
422 768 465 811 ne
488 747 558 811 loco
580 746 706 831 quidem
729 766 786 809 suo
808 745 950 808 additum
973 748 1023 809 est
1045 767 1064 808 a
1087 744 1280 811 (temerario.

273 855 321 921 Bt
342 856 422 921 haec
443 857 572 942 quidem
599 857 739 941 quinque
767 855 912 939 exempla
942 858 1029 919 certo
1057 877 1126 919 esse
1146 856 1336 940 pronuntia-

156 979 270 1029 mus.
316 966 370 1031 Ad
403 976 538 1054 quorum
569 966 812 1031 similitudinem
843 965 980 1030 fortasse
1011 964 1124 1030 licebit
1156 967 1195 1029 de
1222 967 1335 1050 quinto

159 1076 363 1161 suspicari,
399 1078 426 1141 si
455 1077 550 1142 modo
577 1098 641 1141 non
672 1076 807 1141 nimium
835 1076 995 1140 videbitur
1023 1075 1269 1159 Amphitruonis
1290 1075 1334 1159 ll,

161 1177 210 1259 2,
243 1185 289 1251 74
312 1184 401 1275 [706]
428 1187 528 1252 verba
554 1199 587 1252 at
603 1194 660 1267 pol
687 1194 759 1267 quin
787 1200 873 1252 certo
901 1207 950 1250 res
979 1192 1069 1251 Hunc
1096 1200 1139 1251 est
1173 1193 1337 1266 obstupore

165 1308 270 1367 quae
296 1318 345 1361 me
371 1303 464 1363 bodie
498 1303 707 1362 advenientem
737 1300 858 1362 'domum
887 1301 1026 1362 Noluerit
1052 1303 1190 1362 solutore
1219 1298 1268 1361 vel
1296 1297 1336 1361 acl

168 1394 278 1471 hano
299 1408 439 1492 speciem
462 1429 627 1473 revocare:

845 1552 876 1607 st
898 1549 950 1624 pol
974 1549 1047 1624 quin
1069 1552 1150 1607 cursa
1171 1551 1233 1607 rest

277 1632 364 1695 Hisne
387 1635 574 1713 obiurigare,
605 1652 680 1710 queo
702 1634 770 1692 mod
792 1634 882 1693 hodio
905 1635 1114 1692 advenientum
1137 1634 1259 1692 domum
1280 1655 1336 1692 -ε

175 1756 241 1821 uel
263 1766 364 1831 etiam
386 1764 564 1850 simplicius
587 1765 627 1828 sd
648 1764 748 1830 hunc:
771 1776 856 1830 certo
870 1786 920 1828 res
935 1770 1023 1829 lianc
1039 1770 1240 1843 obiuriparest
1261 1787 1338 1845 quoe

177 1877 262 1935 med
289 1897 317 1939 e.
340 1897 371 1960 q.
395 1876 462 1959 s.*)
490 1875 670 1940 Memorctu
697 1875 812 1939 saltem
838 1897 905 1939 non
927 1875 1097 1959 iudignum
1120 1875 1273 1959 estquod
1296 1898 1337 1939 ne

180 1969 246 2041 hic
274 1986 401 2070 quidem
430 1986 562 2070 planum
591 1987 624 2049 et
652 1984 786 2069 simplex
815 1985 947 2049 verbum
976 1985 1071 2069 plane
1094 1988 1127 2049 et
1149 1985 1338 2069 simpliciter

186 2090 351 2177 seriptum
373 2094 475 2160 Vetus
500 2096 598 2161 codex
620 2094 767 2177 exhibet,
792 2096 846 2159 sed
871 2100 1051 2159 correctura
1074 2097 1201 2160 demum
1223 2118 1337 2159 monus

189 2204 353 2270 secundae
381 2208 439 2270 out
460 2227 499 2270 ex
522 2212 662 2271 oburrore
690 2210 746 2270 aut
774 2228 812 2269 ex
835 2211 979 2283 ooruqare
1001 2206 1158 2272 eflectum.
1204 2206 1253 2270 lle
1275 2229 1337 2291 quo

192 2302 308 2381 lamen
327 2320 363 2381 ut
386 2338 458 2381 cum
480 2316 681 2382 dubitatione
704 2316 932 2398 existimemus,
956 2316 1035 2380 illud
1054 2340 1112 2381 nos
1134 2322 1240 2382 movet
1255 2317 1338 2401 quod

142 2494 155 2511 ἱ
199 2424 333 2491 eundem
360 2426 528 2509 Plautum,
565 2431 676 2491 contro
710 2430 805 2511 atque
834 2427 869 2491 in
897 2425 1055 2491 similibus
1090 2428 1216 2491 evenire
1245 2427 1336 2509 solet,

206 2534 321 2599 eertum
346 2540 489 2601 estnon
517 2537 698 2602 constitisse
726 2538 787 2601 sibi
815 2537 909 2601 unius
937 2538 1059 2600 formae
1087 2558 1161 2618 usu,
1191 2538 1245 2601 sed
1269 2559 1338 2619 pro-

210 2636 320 2708 miscue
339 2650 507 2731 utramque
534 2647 686 2730 posuisse.
731 2646 800 2712 Noe
823 2648 908 2711 enim
936 2647 1001 2711 ullo
1023 2652 1119 2732 pacto
1141 2646 1238 2710 dubio
1261 2652 1337 2711 sunt
1355 2667 1404 2717 vm

218 2736 383 2821 onibus
404 2755 567 2841 exempla,
597 2758 659 2821 nisi
681 2758 764 2842 quod
786 2780 844 2823 nos
866 2758 967 2842 fugit,
997 2759 1073 2821 item
1098 2758 1237 2842 quinque
1260 2757 1337 2823 Our-

220 2854 336 2929 ulionis
356 2866 383 2949 1,
405 2868 437 2950 3,
463 2868 503 2932 15
526 2866 612 2955 [171]
622 2918 630 2950 ,
655 2867 842 2933 Mercatoris
864 2867 913 2951 II,
937 2869 973 2949 2,
997 2868 1049 2932 49.
1073 2868 1115 2933 50
1140 2866 1225 2955 [321.
1249 2867 1336 2956 322],

222 2956 377 3042 Trinmmi
397 2976 472 3043 680.
496 2976 553 3042 96:

295 3112 374 3178 litote
396 3120 553 3197 obiurgat:
576 3122 648 3180 stne
669 3121 749 3179 houd
774 3121 973 3196 quicquamst,
997 3122 1093 3195 mtgis
1117 3122 1197 3197 quod
1220 3122 1338 3197 cupiam

805 3206 865 3263 ism
888 3206 949 3262 diu.

296 3280 332 3344 lle
351 3293 391 3349 sls
412 3310 461 3349 mc
483 3290 623 3368 obiurga:
646 3291 703 3349 hoc
724 3291 785 3349 ntn
806 3290 946 3349 voluntas
970 3310 1017 3348 mo
1040 3292 1161 3365 inpulit.

298 3366 364 3437 (tuin
383 3375 445 3433 non
468 3376 605 3453 obiurgo.
649 3375 692 3434 At
713 3380 751 3433 ne
774 3375 950 3433 deteriorem
974 3379 1076 3434 tomen
1096 3410 1147 3433 —.

298 3450 346 3517 Sel
366 3462 405 3539 tu·
421 3461 585 3537 obiurgans
607 3481 654 3519 mc
676 3463 693 3518 t
715 3461 845 3535 pcccatis
868 3461 949 3535 ripis
972 3461 1149 3519 deteriorem
1175 3465 1207 3519 iu
1229 3462 1317 3519 viani.

298 3533 323 3596 Si
342 3544 371 3602 id
392 3546 454 3604 non
474 3565 523 3604 me
545 3564 674 3619 accusas,
697 3548 764 3603 tuito
787 3546 1011 3621 obiurgandus.
1050 3546 1127 3605 Scio.

218 3641 295 3723 *lm
312 3667 418 3740 horum
439 3676 589 3741 ultimum
611 3677 816 3761 quantumvis
838 3677 978 3761 proclivo
992 3677 1091 3741 fucrit
1106 3677 1151 3741 sic
1167 3677 1340 3740 terminare

216 3762 272 3823 Μ(
294 3778 351 3851 (vel
370 3788 493 3873 tuipse)
518 3792 736 3867 obiuriqondus
757 3809 799 3866 es,
822 3790 933 3852 tamen
956 3792 1026 3851 Scio
1049 3809 1124 3851 voce
1146 3788 1181 3851 in
1203 3787 1338 3871 proximi

206 4052 211 4061 .
269 3985 295 4057 *l
316 4004 383 4078 [llos
400 4024 497 4063 versus
514 4024 587 4062 nunc
604 4005 649 4060 vix
672 4006 770 4063 dubito
794 4008 859 4076 quin
882 4007 983 4062 rectius
1002 4007 1196 4061 Fleckeisenue
1214 4007 1341 4061 tractarit

202 4068 224 4109 m
239 4064 376 4155 Mi‘cellis
394 4101 496 4156 criticis
515 4100 636 4170 (Lipsiae
654 4101 736 4155 oditis
754 4119 778 4155 o.
800 4106 876 4169 1864)
894 4120 921 4171 p.
936 4109 976 4167 32,
995 4101 1043 4155 ubi
1061 4102 1131 4155 tulos
1150 4099 1306 4154 constituit:

259 4255 307 4323 Η.
594 4281 598 4286 .
957 4224 988 4275 at
1004 4222 1052 4291 pol
1071 4220 1117 4287 qui
1136 4221 1212 4273 certa
1230 4238 1274 4272 ros

292 4294 349 4343 stuc
366 4291 406 4344 ‹st
425 4289 585 4359 obiurgare,
603 4306 676 4358 quae
693 4307 738 4343 mo
755 4290 870 4345 liootdie
883 4290 1076 4344 advenientem
1095 4288 1206 4341 ilornum
1220 4289 1272 4357 -,]
