2850 5032
408 351 584 402 rsosoum
606 352 677 400 vos
700 348 901 401 annanias.
1167 339 1230 404 663

85 500 222 572 alterum
249 504 293 595 [p.
315 506 417 590 2412,
441 529 470 573 v.
497 507 589 596 1352]
619 529 657 573 ex
684 508 843 573 Prisciani
866 509 911 573 Vl
933 532 964 592 p.
988 509 1051 574 695
1072 509 1110 574 Ρ.
1140 509 1227 594 [228,

81 611 117 675 12
141 612 208 704 Η.]

236 752 381 829 Sssmplo
404 754 451 813 vel
474 756 533 811 dns
557 754 656 812 vincet
678 753 801 812 alterius
825 754 988 829 singulum.

67 875 205 949 Quibus
237 884 461 950 auctoritatem
493 883 590 968 longe
623 883 847 969 gravissimam
885 856 1070 949 Terentii
1104 885 1227 950 addidit

65 985 215 1059 Carolus
237 993 438 1080 Reisigius*)
460 994 604 1059 Andriae
627 994 684 1077 lv,
710 996 738 1074 l,
762 994 798 1058 4:

234 1131 285 1196 vt
306 1137 393 1195 malis
414 1138 564 1213 gaudeant
585 1139 676 1213 atque
699 1157 733 1194 cx
757 1136 953 1196 incdmmodis

234 1215 377 1282 'Alterius
399 1242 453 1282 sua
473 1227 508 1281 ut
530 1223 703 1299 cdmparent
725 1222 888 1280 commoda.

65 1341 203 1421 Quodsi
231 1354 285 1438 qui
313 1357 406 1436 suut,
435 1353 489 1437 qui
516 1353 683 1418 veritatem
711 1353 853 1418 nondum
880 1355 1119 1438 persentiscant
1139 1356 1226 1420 illius

65 1466 256 1549 praecepti,
280 1465 335 1530 isti
356 1486 423 1529 non
444 1465 538 1529 modo
560 1463 710 1529 adierunt
738 1464 793 1527 sed
821 1485 862 1527 ne
891 1465 1077 1547 aspirarent
1099 1466 1227 1551 quidem

68 1564 114 1630 ad
141 1573 273 1662 singula
294 1575 543 1661 argumentandi
566 1577 747 1658 momenta,
776 1596 859 1638 nexa
886 1575 971 1639 inter
993 1597 1063 1639 sese
1086 1581 1119 1640 et
1141 1577 1227 1642 colli·

72 1682 163 1757 gata
186 1687 347 1772 aptissime
370 1708 408 1752 ac
422 1686 519 1772 plane
542 1686 756 1751 consectaria.
802 1684 922 1749 Verum
944 1686 971 1749 si
994 1686 1065 1769 quis
1081 1687 1227 1772 exempla

77 1801 248 1875 expromat
269 1797 412 1883 syllabae
433 1796 651 1882 paenultimae
674 1819 738 1861 non
762 1796 924 1880 epicorum
938 1800 1105 1880 poetarum
1128 1797 1226 1862 lieen-

79 1895 126 1963 ffia
158 1913 334 1995 coneptae,
368 1908 424 1974 sed
451 1908 486 1972 in
514 1929 551 1972 eo
584 1929 703 1993 genere
730 1911 904 1972 metrorum
932 1911 1074 1991 reperta,
1110 1909 1225 1993 quibus

86 2025 198 2099 suapte
219 2025 336 2085 natura
357 2020 491 2104 antiqua
514 2022 547 2082 et
569 2019 755 2103 incorrupta
777 2017 1009 2103 pronuntiandi
1032 2018 1227 2083 consuetudo

92 2136 307 2215 aneensem,
338 2131 413 2216 quid
442 2129 690 2214 respondeamus
717 2128 789 2193 illi?
823 2129 874 2193 Ex
901 2150 963 2213 quo
985 2150 1104 2214 genere
1126 2129 1228 2194 habeo

91 2221 222 2304 Publii
232 2242 281 2328 **)
298 2240 385 2326 Syri
400 2240 553 2326 quosdam
567 2261 688 2322 versus,
712 2243 826 2323 poetae
841 2240 1049 2324 plurimorum
1063 2239 1229 2305 hominum

91 2333 275 2418 tetimoniis
305 2351 435 2438 egregie
464 2349 650 2434 collaudati,
681 2372 775 2435 quem
798 2349 833 2416 C.
856 2350 930 2415 Iulii
953 2349 1099 2416 Caesaris
1125 2352 1229 2428 aetate

91 2445 210 2536 ingenti
230 2463 449 2528 Romanorum
477 2461 635 2546 applausu
662 2462 776 2525 mimos
805 2461 1018 2546 composuisse
1045 2465 1078 2525 et
1099 2464 1227 2525 senten·

89 2555 288 2638 li¹³1uu1sale
309 2573 451 2637 suaviter
473 2572 618 2637 conditos
646 2575 678 2636 et
701 2571 855 2636 orationis
878 2570 1032 2634 facultate
1054 2570 1227 2655 insigniter

89 2680 265 2767 etpcdjtofl,
294 2686 422 2767 praeter
449 2682 529 2747 alios
557 2682 691 2746 tradidit
713 2681 893 2745 Macrobius
916 2679 1171 2744 saturnaliorum
1192 2678 1276 2744 1116

87 2790 108 2834 ⁰·
136 2783 167 2852 7.
189 2793 270 2860 Sunt
291 2797 398 2858 autem
420 2793 566 2877 exempla
588 2793 743 2877 quinque:

233 2935 367 2996 Alterius
391 2936 533 2994 damnum
555 2934 698 3011 gaudium
721 2933 801 2991 haud
823 2933 914 2991 facias
938 2937 1039 2992 tuum:

232 3022 285 3081 Bis
309 3021 469 3108 emoriaecst
491 3019 616 3096 alterius
632 3019 764 3102 „arbitrio
787 3019 877 3105 mori:

231 3102 278 3165 Ex
300 3095 376 3165 atto
398 3098 520 3163 alterius
543 3092 662 3180 sdpiens
685 3103 824 3162 emendat
846 3102 947 3163 suum:

232 3191 364 3250 Lucrum
387 3190 450 3248 sine
473 3191 581 3248 damno
605 3190 730 3247 alterius
753 3188 817 3246 fieri
838 3190 898 3247 ndn
921 3192 1036 3263 potest:

232 3274 328 3346 Quam
350 3275 446 3335 mulus
468 3280 529 3348 est,
553 3276 672 3350 culpam
697 3278 749 3349 qni
771 3293 855 3332 suam
878 3274 1001 3332 alterius
1025 3274 1111 3332 facit:

68 3391 163 3493 ‘Qu
186 3407 282 3472 facile
304 3410 455 3491 poterunt
476 3405 625 3491 reperiri,
656 3426 727 3468 cum
749 3403 821 3488 Syri
844 3403 1022 3467 sententiae
1049 3403 1223 3468 secundum

62 3476 261 3582 ht*ararum
283 3515 429 3580 ordinem
452 3537 521 3580 sese
543 3515 668 3580 soleant
683 3515 829 3597 excipere
844 3514 878 3576 in
894 3513 1128 3596 exemplaribus
1151 3536 1224 3577 cum

58 3605 179 3691 mauu
201 3627 331 3711 scriptis
352 3629 423 3690 tum
444 3627 531 3711 typis
553 3626 705 3710 proditis3
728 3623 813 3708 apud
831 3622 994 3704 Bothium‚
1018 3625 1072 3707 qni
1094 3622 1165 3686 illas
1187 3623 1223 3688 iu

53 3691 253 3801 thamm
274 3736 360 3801 Latii
382 3758 468 3801 scen.
492 3736 553 3801 vol.
571 3736 600 3802 V
622 3735 744 3820 part2
766 3756 797 3817 p.
814 3734 875 3798 217
899 3755 968 3818 sqq.
993 3733 1124 3818 recepit,
1147 3737 1224 3798 suut

49 3821 88 3878 '²
125 3840 186 3912 19.
210 3848 262 3913 ss.
286 3847 360 3912 aas.
384 3846 456 3912 415.
480 3848 543 3913 595
572 3845 672 3934 [nune
699 3846 733 3909 n
756 3843 925 3908 arsacis
948 3844 1148 3909 comarum
1176 3866 1223 3909 re-

48 3909 191 4023 fluum
211 3958 287 4023 547.
310 3957 362 4022 ec.
389 3958 459 4022 isa.
483 3958 555 4022 esa.
580 3955 665 4044 ⁷041·

44 4063 285 4125 χ-

151 4214 173 4279 ’)
192 4210 276 4283 [Vide
295 4210 354 4265 eius
372 4209 485 4265 Scholas
503 4209 701 4280 grammaticas
719 4227 736 4264 a
752 4210 782 4265 p
801 4210 903 4265 Haasio
921 4208 1011 4264 editas
1027 4228 1054 4280 p.
1076 4210 1146 4281 186]

150 4308 187 4373 ⁸⁸)
206 4304 304 4376 [immo
327 4305 454 4369 Publilii:
483 4304 518 4360 de
540 4321 595 4372 quo
622 4304 689 4374 post
709 4304 739 4359 Ε.
757 4304 911 4360 Woelfflini
937 4303 1086 4373 (Philologi
1107 4305 1128 4358 t.
1145 4303 1222 4358 XXII

42 4364 84 4424 ΙΙ·
114 4396 177 4452 439
194 4400 248 4467 sq.)
266 4396 485 4470 disputationem
501 4396 559 4453 iam
575 4414 632 4453 nen
649 4413 711 4453 erse
728 4398 911 4455 dubitandum
928 4396 1060 4468 videtur]
