2850 5032
209 303 272 365 254
552 316 774 365 atossvmvn
797 315 1010 363 Puvvmuvn.

292 470 333 534 47
352 491 437 550 pax:
467 470 647 534 Trinummi
669 469 727 552 lV,
751 471 790 553 2,
813 470 856 533 49
879 469 970 554 (891)
995 470 1090 544 Oadsi
1110 473 1213 548 dicas,
1236 467 1361 546 siquid

208 586 390 646 crediderim
412 583 475 659 tibi,
500 587 588 661 ‘pac’
607 588 736 661 periisse
758 583 837 646 ilico.
867 578 1047 664 Singularis
1070 580 1176 660 estet,
1201 580 1359 663 quantum

208 691 310 773 video,
334 713 464 776 prorsus
486 691 632 754 solitaria
654 691 734 755 hseo
756 692 845 755 notio
863 712 933 770 aaa
955 688 1206 753 interiectionis:
1232 691 1361 752 utnon

209 800 390 866 mehercule
418 801 516 865 nimis
543 802 733 866 temerarius
763 801 926 883 videatur,
955 799 983 863 si
1012 799 1082 883 quis
1110 798 1150 863 de
1176 799 1361 863 inveterato

209 912 325 977 mendo
349 911 528 994 suspicetur
549 912 718 995 ipsumque
733 911 883 975 Plautum
904 909 990 974 aliud
1013 916 1054 994 (e.
1074 931 1101 973 c.
1118 907 1189 994 tax)
1212 908 1364 993 posuisse

211 1022 273 1086 sibi
302 1021 503 1106 persuadeat.
548 1022 634 1086 Nam
664 1024 769 1086 cetera
797 1020 943 1105 exempla
970 1019 1078 1083 omnia
1105 1021 1162 1082 aut
1188 1020 1365 1104 requirunt

211 1136 268 1196 aut
295 1133 462 1216 patiuntur
491 1153 560 1196 eam
588 1133 768 1213 notionem,
798 1154 880 1216 quae
912 1130 1086 1196 coniuncta
1108 1133 1158 1194 est
1178 1151 1251 1194 cam
1269 1138 1366 1210 pacis

96 1278 99 1283 ·
214 1242 422 1327 cogitatione.
467 1241 518 1306 Ita
540 1242 654 1306 Militis
669 1241 730 1325 ΙΠ,
751 1244 778 1324 l,
794 1244 857 1307 213
880 1241 971 1326 (808)
989 1262 1070 1320 pax,
1095 1245 1148 1304 alvi
1166 1237 1249 1304 nihil
1272 1239 1367 1317 aliud

212 1352 274 1415 sibi
307 1352 376 1416 vult
405 1352 468 1416 nisi
497 1354 593 1416 ‘satis
622 1355 688 1416 est’
719 1352 768 1416 vel
801 1357 927 1418 παῦεαι.
972 1350 1055 1415 Item
1084 1348 1188 1415 Stichi
1210 1348 1252 1433 V,
1266 1351 1317 1433 ’7,
1342 1350 1365 1414 3

213 1463 304 1548 (771)
332 1469 398 1527 Fac
426 1475 460 1527 tv
481 1465 536 1527 ltoc
558 1469 654 1528 modo.
683 1466 739 1526 ST.
763 1474 796 1527 at
818 1475 851 1528 ta
873 1465 929 1526 lvdc
950 1466 1049 1527 modo.
1073 1465 1134 1525 SA.
1156 1463 1267 1525 balvae.
1299 1463 1363 1524 ST.

212 1585 304 1638 tatae.
329 1576 388 1636 SA.
408 1576 523 1653 papae.
541 1577 596 1637 ST.
612 1595 688 1653 pax.
720 1572 789 1637 Nec
804 1573 901 1636 aliam
923 1571 1193 1656 significationem
1215 1591 1366 1656 agnosco

212 1683 247 1746 in
269 1682 411 1747 Terentii
432 1682 778 1747 Hautontimorumeno
794 1682 851 1766 IV,
868 1684 899 1765 3,
915 1682 957 1747 39
981 1683 1072 1767 (717)
1094 1682 1194 1748 ‘Vmas
1215 1693 1260 1746 est
1283 1684 1364 1758 die's,

213 1799 284 1858 dvm
307 1805 466 1872 arveniam
488 1796 594 1874 eripio.
617 1815 694 1873 pax,
719 1800 797 1858 nibil
818 1796 966 1873 simplius:
989 1792 1039 1856 vel
1053 1792 1172 1857 ibidem
1194 1791 1238 1875 Il,
1263 1792 1296 1874 3,
1320 1790 1367 1856 50

214 1904 305 1989 (290)
335 1907 470 1985 Capillus
493 1926 604 1984 passas
627 1908 751 1985 prolixe
777 1917 805 1968 ct
831 1905 948 1968 circam
974 1916 1069 1984 cavat
1091 1904 1232 1967 Reic'ctas
1260 1908 1366 1981 meyle-

210 2017 329 2093 qc'mcr.
356 2020 412 2080 (IL.
445 2036 523 2095 pac.
553 2019 631 2094 Syre
651 2023 705 2095 mi,
734 2018 853 2080 obsecro
875 2052 926 2077 -.
965 2013 1099 2078 Prorsus
1126 2011 1290 2077 diversum
1312 2015 1367 2076 est

210 2145 294 2202 prox
315 2124 473 2188 Pseuduli
489 2125 529 2207 V,
558 2129 589 2207 l,
613 2127 654 2190 33
677 2124 789 2210 (1279)
812 2124 931 2204 'Itaque
952 2129 1022 2189 dam
1044 2126 1151 2202 enitor,
1172 2143 1275 2204 prox,
1301 2129 1366 2187 iam

211 2256 310 2315 paene
331 2237 490 2314 inquinavi
505 2237 645 2314 pallium,
672 2234 727 2299 ubi
749 2235 943 2319 vulgabatur
961 2254 1030 2314 pax
1048 2255 1087 2298 ex
1109 2233 1250 2298 editione
1272 2235 1366 2318 prin·

215 2345 285 2428 cipe
306 2346 522 2430 propagatum
548 2349 677 2429 praeter
706 2344 840 2409 codices,
885 2343 1028 2429 Longius
1056 2343 1153 2409 etiam
1181 2343 1285 2408 distat
1305 2356 1366 2409 tax

213 2453 265 2518 vel
287 2455 363 2518 item
388 2476 445 2539 per
468 2455 624 2539 impressa
646 2455 792 2538 exempla
815 2458 1030 2539 propagatum
1051 2467 1165 2521 tactam
1179 2452 1301 2518 Persae
1316 2453 1363 2538 H,

213 2565 244 2648 3,
271 2567 310 2629 12
335 2565 440 2650 (205),
465 2565 517 2629 ubi
542 2588 561 2629 a
583 2588 657 2631 vera
679 2577 794 2631 laxlavc
816 2565 975 2648 scriptura
1002 2586 1102 2649 prope
1124 2563 1217 2629 abest
1238 2564 1365 2650 glossa

215 2675 359 2759 graphas
382 2675 468 2739 infra
492 2679 511 2756 5
535 2677 585 2740 82.

298 2785 342 2850 In
365 2785 552 2850 Poenulo.
589 2787 632 2851 48
655 2794 879 2851 vicissatim:
902 2786 1001 2851 Poen.
1025 2786 1106 2871 prol.
1129 2785 1171 2850 46
1193 2791 1245 2850 Ad
1266 2789 1364 2866 drav-

213 2910 344 2960 mcntam
372 2898 452 2961 nvnc
475 2899 636 2961 vicissatim
665 2905 730 2962 volo
757 2900 947 2976 Remivrcirc.
992 2896 1090 2961 Redit
1117 2895 1229 2961 eadem
1251 2895 1365 2982 glossa

213 3006 300 3070 infre
328 3008 411 3088 590
435 3012 585 3091 excerpta
608 3029 625 3071 e
648 3006 750 3072 Stichi
771 3007 830 3090 IV,
857 3011 889 3090 1,
919 3008 959 3071 27
989 3007 1080 3093 (532)
1113 3010 1230 3072 No'smet
1252 3015 1364 3088 potius

214 3119 269 3182 no's
295 3124 454 3182 vicissatim
482 3121 638 3183 dacremus
665 3122 882 3199 voluptatibus:
919 3118 947 3181 si
974 3118 1066 3182 modo
1094 3120 1180 3182 recte
1208 3140 1364 3183 numeros

135 3225 137 3229 ’
213 3228 260 3291 ita
287 3228 413 3291 restitui
441 3228 475 3292 in
504 3228 652 3302 editione.
703 3229 849 3293 Eandem
876 3228 1013 3292 sormam
1039 3228 1251 3293 coniectando
1274 3230 1364 3293 intu-

214 3337 321 3401 lerunt
341 3339 376 3402 in
399 3338 488 3402 Trin.
511 3338 536 3421 1,
554 3340 584 3422 2,
613 3340 670 3403 130
694 3340 795 3424 (173),
820 3339 874 3402 ubi
896 3339 1072 3403 rectissime
1095 3359 1128 3402 se
1150 3337 1251 3403 habet
1273 3346 1362 3405 vica-

212 3455 278 3527 sim,
302 3471 365 3532 qua
386 3449 490 3513 forma
514 3471 585 3513 oum
608 3449 684 3513 abbi
706 3448 839 3513 Plautus
861 3454 930 3514 tum
952 3449 1122 3522 Terentius
1144 3449 1205 3513 usi.

298 3560 341 3623 49
364 3563 571 3637 efflictim:
595 3559 693 3624 Poen.
718 3559 797 3644 prol.
823 3561 879 3624 96:
902 3560 1079 3641 1111111115
1105 3563 1154 3623 11.

299 3669 342 3734 50
362 3677 545 3736 saeviter:
568 3670 612 3734 ib.
636 3669 662 3751 I,
686 3670 717 3752 2,
744 3671 804 3734 122
827 3671 934 3756 (337);
957 3671 1029 3735 vide
1051 3670 1092 3735 ad
1115 3673 1135 3751 5
1157 3671 1211 3734 46.

299 3778 344 3845 In
367 3779 590 3845 Vidulsria.
635 3781 675 3844 51
700 3787 891 3845 danicam:
913 3780 985 3846 vide
1008 3781 1048 3844 ad
1071 3784 1092 3861 5
1113 3781 1145 3844 4.

299 3890 342 3955 In
367 3890 562 3956 Rudente.
607 3891 776 3956 52111111
805 3890 837 3954 in
862 3889 1010 3955 Rudente
1033 3893 1082 3954 ter
1105 3891 1198 3977 (ante
1219 3898 1364 3957 altrinse-

215 4024 268 4067 cas
290 4000 485 4087 proximum)
508 4005 624 4085 exstat,
649 4001 704 4065 sed
727 4003 914 4065 constanter
934 4006 1003 4065 lteri
1023 3985 1196 4085 seriptum:
1219 4000 1246 4084 I,
1263 4000 1295 4085 2,
1317 4003 1365 4066 42

216 4114 304 4176 11163
328 4114 405 4196 (130
421 4117 453 4176 et
471 4114 543 4197 151)
567 4118 656 4176 livdie
678 4113 733 4175 mit
754 4118 822 4176 lteri
843 4117 875 4175 et
896 4113 1036 4177 laverint
1058 4117 1127 4175 lteri
1147 4111 1182 4176 in
1205 4112 1270 4176 fine
1291 4134 1364 4177 ver·

217 4244 318 4305 suum,
342 4221 399 4306 IV,
423 4226 453 4305 3,
478 4224 497 4286 3
521 4223 612 4307 (940)
634 4225 757 4287 turbida
780 4229 848 4287 lvcri
866 4225 1025 4303 tempestas
1042 4227 1122 4299 fait:
1144 4223 1209 4287 nisi
1231 4223 1364 4307 quidem

216 4331 345 4395 ibicum
359 4333 519 4396 codicibus
535 4333 680 4397 tutabere
692 4336 814 4397 turbida
826 4345 983 4413 tempestas
997 4334 1067 4396 biri
1077 4336 1150 4409 suit.
1174 4332 1260 4398 Nam
1274 4335 1364 4420 quod
