2850 5032
220 318 283 383 38ss
502 334 740 395 stusrronas
765 333 1073 382 roeoensrnresu.

219 498 323 552 torum
358 489 547 553 coniecturis
580 491 710 551 serame
743 489 790 551 sic
822 510 895 563 non
909 485 1110 551 incommode
1133 489 1166 549 et
1192 484 1345 550 levioribu-

220 600 329 662 naevis
353 602 386 663 et
407 601 553 682 suaviore
576 598 824 682 interpolatione
850 597 986 661 liberare
1008 596 1169 687 videmur:

271 756 304 805 45
346 748 425 807 Nam
446 753 526 808 nium
547 750 689 808 lenonum
712 751 742 806 et
764 751 929 807 scortorum
950 747 1000 805 hie
1021 747 1091 821 plus
1114 752 1160 805 est
1185 746 1256 819 lere,

345 836 441 902 Quam
464 835 536 893 olim
557 836 764 904 musearunrst‚
780 840 880 909 ‘quom
903 833 1017 891 ealetur
1038 850 1186 890 maxume.

172 911 201 960 Π
344 919 422 976 Nam
444 921 468 979 si
490 939 639 995 nusquam
662 919 733 976 alibi
755 920 835 991 sunt,
859 918 969 976 eireunr
992 917 1237 993 argentarias

345 1003 437 1073 Quasi
460 1047 467 1062 .
491 1049 516 1079 ,Ι
523 1047 773 1062 .........
796 1003 902 1062 sedent
925 1002 1059 1061 cottidie.

346 1088 390 1145 Ea
412 1090 535 1149 nimiast
557 1090 649 1147 ratio:
680 1089 794 1163 quippo
817 1088 869 1162 qui
894 1090 975 1146 eorto
998 1087 1070 1158 scie,

269 1179 303 1229 to
347 1172 450 1248 Triplo
474 1174 516 1232 ibi
538 1174 606 1249 plus
628 1176 795 1232 scortorum
818 1192 881 1231 esse
903 1173 962 1230 ianr
985 1190 1077 1247 (ruam
1098 1172 1277 1247 ponderum.

344 1255 424 1327 Quas
447 1259 568 1334 quidem
591 1278 680 1333 quarn
703 1277 772 1315 num
796 1257 918 1316 adrem
941 1256 1036 1315 dicam
1065 1257 1096 1315 in
1125 1256 1321 1333 argeutsri
1362 1264 1418 1323 i

343 1342 464 1401 Referre
486 1343 598 1416 haberi,
621 1344 679 1401 nisi
701 1362 756 1418 pro
779 1342 901 1415 tabulis,
924 1343 1034 1415 nostrie,

344 1426 405 1485 Vbi
428 1448 495 1486 aera
517 1428 741 1504 perscribantur
762 1424 943 1503 usuraria.*)

283 1645 309 1712 *)
327 1643 359 1697 V.
379 1650 413 1699 45
430 1643 595 1697 inseruimus
612 1646 666 1699 lrie.
686 1673 719 1681 -
737 1642 769 1696 V.
784 1648 816 1695 46
835 1642 898 1697 libri
916 1641 1012 1711 scripti
1030 1642 1168 1696 collocant
1185 1642 1251 1711 post
1271 1645 1310 1695 n.

216 1736 247 1790 V.
266 1743 298 1790 47
318 1738 390 1793 Num
409 1754 548 1806 nusquam
566 1739 635 1793 aliti
651 1742 678 1795 si
694 1744 762 1793 sunt
779 1735 896 1801 codices,
913 1735 931 1788 i.
945 1754 969 1789 e.
982 1720 1103 1789 Palatini
1121 1752 1185 1789 eum
1196 1732 1419 1791 Vminiau-ro

215 1847 280 1884 nam
298 1829 451 1885 deteriores
470 1847 524 1884 nou
543 1846 676 1883 curamus.
708 1860 739 1869 —
766 1828 869 1883 Versus
886 1833 919 1882 48
937 1827 965 1880 in
983 1826 1089 1881 eisdem
1107 1828 1177 1881 haee
1194 1826 1284 1881 sonna
1300 1832 1418 1883 <zet

215 1924 311 1980 Scorti
327 1924 443 1980 lenones
465 1927 548 1991 nicasi
565 1925 665 1979 sedent
682 1925 782 1980 cotidie
801 1924 924 1989 (cottidie
941 1920 1048 1991 Vetus).
1084 1920 1201 1975 Prorsus
1219 1918 1336 1989 inepti-
1387 1938 1425 1975 on

215 2016 262 2083 qui
284 2034 302 2069 a
318 2017 434 2085 uulgata
456 2033 480 2068 v.
500 2021 533 2069 50
555 2016 692 2086 seriptum
715 2019 785 2073 Aeri
803 2017 869 2083 plus
887 2023 1049 2072 scortorum
1066 2014 1186 2084 profecti
1203 2020 1298 2071 scorto
1393 2014 1416 2067 iu

214 2111 405 2178 terpretantur
424 2108 595 2163 adulterinos
612 2125 751 2176 nummos,
771 2114 860 2166 scorti
877 2110 993 2166 lenones
1012 2110 1107 2162 alitem
1128 2106 1256 2175 intellegi
1273 2120 1424 2175 ptznrse

214 2203 389 2270 argentarios
407 2202 546 2256 somniant
565 2202 625 2255 istis
643 2202 763 2255 minimis
783 2202 898 2256 utentes.
923 2201 1012 2256 Multo
1029 2200 1205 2271 probabilius
1223 2200 1422 2261 Ossa-rus.

214 2312 229 2347 e
240 2311 294 2361 qao
307 2294 411 2365 pendet
422 2294 578 2348 Goellerus:
597 2296 706 2353 Seortis
719 2297 836 2353 lenones
851 2299 936 2365 onesi
951 2301 1070 2353 scatent.
1106 2292 1162 2349 Sed
1178 2296 1272 2349 tamen
1289 2291 1420 2347 s-im

213 2387 323 2455 plicitas
341 2387 483 2456 cogitandi
500 2403 556 2441 non
574 2388 642 2441 illud
661 2391 692 2441 ut
709 2388 818 2441 ‹lieatur
835 2389 968 2458 postulat,
987 2387 1085 2443 scortis
1102 2388 1217 2443 affluere
1234 2386 1417 2447 muozzen,

213 2498 308 2535 verum
326 2481 380 2534 hoe
396 2480 497 2549 patim,
515 2480 629 2535 affluere
647 2481 738 2535 locum
755 2481 833 2534 illum
852 2484 882 2536 et
899 2481 996 2536 scortis
1011 2482 1040 2535 et
1051 2480 1205 2547 lenonibus,
1224 2492 1375 2549 quet:
1386 2474 1414 2527 ul

213 2574 325 2628 modurn
344 2583 440 2631 scorta
458 2582 485 2631 cl
502 2576 619 2632 {errones
641 2575 684 2627 bis
704 2576 787 2629 antea
804 2574 932 2629 iunxerat
949 2576 1035 2644 poeta
1051 2592 1077 2627 v.
1095 2580 1129 2629 43
1147 2576 1177 2628 et·
1193 2580 1234 2628 45.
1270 2566 1410 2625 Sei-till·

212 2686 310 2735 gerum
328 2669 421 2722 autern
441 2671 469 2720 et
488 2668 616 2721 Bothiurn
634 2669 657 2721 si
675 2684 837 2735 seqrramur,
856 2670 959 2726 Scorto
976 2677 1004 2725 rt
1021 2671 1139 2726 lenones
1156 2671 1241 2736 quasi
1256 2684 1303 2725 sec
1314 2660 1406 2717 ient

212 2764 335 2829 nilotidis
354 2761 518 2826 scribentes,
537 2779 636 2830 parurn
655 2765 779 2831 prol'eeto
798 2767 882 2831 pertesi
898 2761 1037 2831 partienla
1055 2761 1120 2831 quid
1139 2760 1192 2814 sibi
1210 2760 1276 2814 velit
1291 2768 1396 2827 1³0*

212 2854 373 2923 spieiarnns;
397 2871 480 2921 quam
503 2855 526 2906 si
548 2856 620 2908 forte
644 2855 679 2915 ad
703 2858 824 2925 nilotidis
843 2854 1017 2921 rettulerint,
1044 2872 1078 2909 ne
1096 2854 1150 2907 hoe
1168 2853 1280 2923 quidem
1313 2862 1387 2899 1¹⁰⁰

212 2963 314 3014 niagno
333 2964 416 3016 opere
435 2947 569 3015 langueat
584 2966 652 3017 prae
676 2948 807 3017 simplicis
829 2951 951 3018 nilotidis
970 2947 1044 3003 voeis
1062 2948 1146 3017 longe
1165 2947 1270 3003 maiore
1290 2954 1378 3013 εἴη·

212 3039 310 3092 vitute:
334 3044 363 3093 ut
382 3043 490 3095 taceam
509 3040 544 3093 de
563 3041 751 3095 eollouttionis
773 3042 929 3099 insolentia.
965 3041 1041 3111 Ergo
1060 3045 1149 3099 scorti
1166 3043 1282 3099 lenones
1308 3031 1371 3087 effi

211 3150 227 3185 e
245 3142 341 3190 scorto
359 3142 386 3189 rt
404 3137 520 3192 lenones·
538 3151 589 3187 nos
602 3152 712 3203 quoque
732 3139 823 3188 ortum
840 3138 979 3204 putamus,
998 3137 1092 3189 tamen
1104 3134 1175 3188 haec
1187 3126 1361 3204 ipsas-orba
1421 3148 1424 3153 ’

212 3227 263 3279 nisi
281 3225 410 3292 fallimur,
429 3228 465 3280 aab
484 3228 635 3297 interprete
653 3230 764 3281 lantum
782 3227 922 3297 adscripta
940 3231 1004 3282 sunt
1021 3231 1121 3286 sedent
1137 3227 1234 3293 verbo,
1251 3227 1279 3281 iu
1290 3238 1359 3281 con·

210 3321 368 3373 tinnitatem
387 3322 479 3373 eristun
500 3338 594 3374 vorsus
611 3324 716 3375 tentore
735 3321 870 3389 immissa,
893 3323 924 3375 nt
942 3320 1103 3390 saepissime
1121 3322 1241 3387 factum,
1262 3320 1291 3374 iu
1306 3334 1349 3373 ex-

210 3414 352 3483 pulerunt,
371 3413 407 3467 ad
426 3414 500 3480 quod
517 3414 670 3482 pertineret
687 3420 778 3485 qrtusr'.
815 3415 910 3482 Velut,
933 3417 963 3468 ul
987 3414 1101 3483 aliquod
1125 3415 1283 3485 exemplum
1302 3430 1338 3485 po

210 3525 320 3562 narnus:

447 3576 530 3640 Qriitsi
550 3577 670 3643 [muscae
688 3577 717 3629 in
734 3578 815 3643 laeto,
835 3576 973 3645 (lapident
990 3575 1118 3631 cottidie:

209 3694 253 3747 vel
272 3692 433 3762 euiemnque
452 3694 492 3747 rei
511 3701 665 3748 scortorum
689 3693 874 3761 frequentiam
895 3712 1072 3764 comparasse
1094 3696 1210 3763 poetam
1230 3695 1343 3765 putabis.

209 3788 252 3839 Ad
270 3788 329 3841 sola
348 3787 420 3841 enim
440 3788 605 3841 scortationi
625 3788 714 3842 oratio
738 3788 920 3853 conuertitur,
939 3787 1070 3857 quoniam
1087 3788 1200 3843 illorum
1218 3790 1348 3859 primnis

208 3879 236 3931 in
255 3880 307 3933 hoe
325 3898 427 3947 genere
446 3881 535 3947 nouo,
558 3882 695 3935 secundae
719 3884 829 3935 lautum
852 3884 945 3950 latntes
963 3881 1101 3936 lenonum.
1125 3911 1160 3923 -
1183 3882 1214 3935 V.
1235 3890 1269 3937 50
1291 3884 1349 3945 Tn'.

209 3974 275 4040 [plo]
297 3976 363 4042 plus
386 3994 401 4027 e
420 3974 544 4028 codicum
563 3978 695 4028 memoria
722 3978 776 4031 En'
795 3978 863 4044 plus
884 3975 1028 4044 praeclare
1051 3974 1142 4029 elleeil
1167 3978 1343 4035 Camerarius

210 4065 267 4118 Nisi
286 4068 360 4133 (prud
379 4086 432 4121 uon
451 4068 519 4121 illud
537 4068 604 4122 ‹licil-
621 4068 794 4129 Diniurehus‚
813 4069 924 4122 omniuo
942 4069 1004 4137 plus
1016 4070 1173 4123 scortorum
1186 4086 1272 4138 qriam
1285 4088 1351 4141 pon-

209 4160 305 4213 derum
324 4176 396 4226 esso,
420 4162 468 4213 sed
488 4180 571 4230 quum
594 4163 747 4231 potuleruru
770 4164 798 4215 in
817 4162 996 4229 argentariis:
1028 4166 1202 4232 qrrirprepter
1219 4166 1260 4221 iln'
1277 4164 1354 4221 addi·

209 4253 306 4305 «limus.
343 4254 454 4307 Frustra
475 4255 526 4308 l'uit
546 4256 651 4324 Lipsius
675 4259 739 4309 Ant.
760 4257 821 4309 leet.
843 4256 874 4321 V,
894 4264 909 4309 3
927 4261 991 4313 iteri
1007 4257 1073 4323 plus
1091 4256 1224 4323 arradens,
1256 4262 1283 4311 el
1303 4276 1355 4328 por

210 4364 238 4395 so
257 4346 385 4410 alrsurdo,
404 4354 429 4399 et
449 4351 480 4400 nt
498 4349 592 4416 priora
610 4350 669 4402 illa:
689 4367 723 4405 eo
744 4353 1148 4419 uiuriuslrolr'o‚ouip1u‘pm'
1167 4394 1170 4404 ,
1221 4396 1225 4401 .
1250 4396 1254 4403 .
1274 4370 1353 4421 prer-
