2850 5032
222 291 285 356 230
562 303 783 354 ouossnmvu
806 303 1020 351 rnsvrmvn.

222 461 305 525 Item
333 459 588 524 recentissimum
617 457 814 541 eundemque
842 457 1078 541 ineptissimum
1107 480 1180 522 cum
1202 460 1239 523 in
1259 458 1369 524 Plauti

223 574 295 636 octo
317 570 443 634 fabulas
467 569 588 654 priores
609 571 679 632 tum
701 569 735 633 in
758 569 904 632 Persium
927 569 1204 653 commentarium,
1228 570 1300 634 sine
1321 570 1370 656 ip-

225 703 331 745 sorum
353 681 458 745 verbis
480 682 657 765 poetarum,
682 682 789 743 servat
805 677 984 743 Vaticanae
999 678 1167 744 Palatinus
1182 680 1267 745 2711
1284 703 1369 746 sace.

224 790 285 856 XV
314 791 363 877 (in
385 787 447 875 (juo
470 789 637 854 Aulularia
659 789 802 873 sequitur
824 788 1074 875 Curculionem).

310 900 437 967 Scholia
464 901 581 965 rectius
614 922 710 984 quam
738 901 1001 964 commentarium
1034 901 1153 965 dixeris
1185 923 1270 986 quae
1297 906 1371 967 octo

224 1013 289 1078 illis
310 1011 428 1076 fabulis
450 1011 485 1075 in
507 1010 708 1094 marginibus
731 1009 894 1093 adscripta
908 1012 999 1075 tenet
1014 1011 1113 1075 codex
1128 1011 1209 1077 Ooll.
1226 1011 1322 1076 Rom.
1338 1012 1370 1076 4.

226 1124 261 1188 Ο.
284 1123 324 1187 41
360 1121 460 1185 chart.
490 1120 612 1184 formae
639 1141 736 1202 max„
770 1119 855 1184 unde
888 1119 1045 1184 nonnulla
1073 1120 1239 1187 Antonius
1267 1121 1372 1188 Bene

227 1233 331 1296 dictus
353 1231 512 1315 excerpsit
533 1230 567 1294 in
591 1230 730 1294 editione
746 1229 932 1294 Aululariae
948 1252 977 1294 a.
997 1231 1079 1295 1754
1093 1229 1217 1296 Romoe
1239 1232 1373 1318 emissa3

227 1342 277 1406 vel
299 1363 380 1425 quae
402 1342 521 1405 eisdem
542 1341 672 1424 fabulis,
696 1362 769 1404 cum
789 1362 875 1404 nona
889 1339 1118 1424 Menaechmis,
1143 1341 1288 1407 Vrbinas
1310 1344 1374 1410 655

228 1453 360 1516 membr.
384 1436 544 1516 saca'xv
567 1452 590 1514 f.
614 1474 698 1515 max.
721 1450 778 1515 fol.
804 1450 875 1533 132,
911 1451 1056 1535 profecta
1078 1473 1117 1516 ea
1140 1452 1181 1516 ab
1204 1453 1373 1519 Mutinens

227 1562 371 1627 homine:
395 1562 514 1645 quippe
537 1571 607 1625 ‘nos
628 1569 823 1626 materienses’
845 1560 925 1625 dicit
947 1561 1080 1645 alieubi3
1108 1563 1159 1627 vel
1186 1585 1271 1648 quae
1298 1565 1374 1629 duo

228 1673 331 1737 decim
353 1672 583 1757 posterioribus
606 1672 640 1735 in
663 1671 806 1736 Mediceo
829 1671 987 1755 XXXVI,
1021 1671 1079 1737 46:
1113 1671 1177 1736 alia
1199 1673 1275 1738 aliis
1297 1674 1375 1739 ieiu-

228 1784 330 1848 niora.
343 1821 384 1832 —
402 1783 432 1846 A
455 1782 756 1846 commentariorum
777 1781 924 1846 ubertate
952 1804 1010 1866 per
1031 1784 1155 1847 variam
1178 1783 1374 1849 scholiorum

229 1893 482 1957 mediocritatem
505 1893 726 1957 descendimus
749 1892 788 1955 ad
811 1891 991 1976 glossarum
1013 1894 1106 1978 (quas
1128 1893 1258 1978 quidem
1281 1893 1377 1960 hodie

197 2022 213 2070 v
232 2006 361 2088 vocant)
385 2003 483 2067 etiam
506 2002 669 2067 exiliorem
691 2002 898 2085 brevitatem,
923 2003 1029 2067 verbis
1051 2003 1214 2068 Plautinis
1236 2005 1272 2068 in
1296 2005 1377 2070 mul·

230 2114 272 2178 tis
301 2114 462 2179 codicibus
490 2114 670 2197 promiscue
700 2112 924 2196 adspersarum
952 2134 1024 2176 eum
1046 2113 1082 2176 in
1103 2114 1250 2198 modum,
1287 2115 1377 2180 cuius

230 2225 375 2308 exemplo
398 2223 567 2287 Terentius
597 2245 665 2287 esse
693 2222 846 2286 Halensis
873 2225 982 2306 potest
1004 2245 1023 2286 a
1045 2222 1185 2287 Brunsio
1212 2225 1303 2309 typis
1325 2248 1378 2290 ex·

230 2333 328 2397 scribi
362 2334 467 2397 iussus
499 2333 678 2396 litterarum
712 2333 840 2417 quidem
874 2333 1038 2397 commodo
1068 2333 1168 2399 nullo.
1219 2334 1380 2401 Eminent

230 2443 392 2506 intereos
415 2443 537 2506 codices
561 2442 728 2506 Palatinus
754 2443 834 2508 1618
858 2446 890 2506 et
911 2446 1039 2527 praeter
1061 2448 1194 2509 ceteros·
1206 2443 1378 2510 Palatinus

235 2554 331 2635 1614,
360 2553 414 2636 qui
441 2552 542 2616 Pareo
570 2555 645 2616 sunt
667 2552 735 2616 Pal.
758 2551 806 2616 IV
835 2555 868 2616 ct
888 2552 954 2635 ΙΙΙ,
978 2574 1039 2617 neo
1061 2554 1235 2639 diligenter
1257 2555 1301 2619 ab
1323 2554 1379 2619 illo

232 2685 293 2727 nec
313 2662 409 2747 plene
432 2664 555 2726 excussi
564 2663 611 2748 *):
635 2663 667 2726 id
689 2662 771 2747 quod
794 2684 836 2725 nc
858 2662 1029 2727 dolendum
1051 2663 1189 2748 quidem.

233 2927 276 2976 cst
295 2926 388 2975 tamea
406 2920 481 2987 qaod
498 2921 590 2974 omnis
607 2919 733 2973 comedia
751 2921 780 2973 ia
799 2921 921 2986 auinaue
939 2921 1067 2975 actiones
1079 2920 1221 2977 diuiditur
1239 2923 1332 2979 idest
1350 2927 1381 2978 r'n

234 3017 355 3081 quiricae
376 3019 483 3080 partes.
532 3008 688 3068 Voluerunt
710 3014 784 3066 enim
805 3018 906 3078 poetae
928 3015 1002 3068 sieut
1030 3015 1060 3068 ia
1086 3016 1185 3070 metris
1212 3032 1381 3072 masuram

234 3107 337 3161 lrabeat
361 3110 400 3161 ita
423 3113 449 3161 et
472 3109 501 3160 ia
526 3108 646 3161 materia
675 3106 785 3160 aiodian
810 3105 975 3162 obseruare.
1019 3106 1089 3162 Vide
1113 3124 1210 3164 amares
1233 3115 1336 3176 poetas
1354 3119 1381 3166 ct

236 3202 365 3255 intentes
380 3215 435 3266 per
453 3200 587 3266 aequales
605 3200 802 3255 distinctiones
819 3206 846 3253 et
864 3200 1027 3255 moderatas
1045 3216 1143 3255 eorum
1160 3201 1250 3257 libros
1268 3219 1379 3271 compo-

236 3296 306 3348 sitos
329 3298 356 3346 et
378 3293 576 3347 distinctiones
597 3292 663 3359 fere
686 3293 813 3347 eiresdem
836 3308 989 3348 merrsurao
1007 3308 1030 3344 o.
1051 3309 1077 3359 q.
1097 3310 1128 3358 a,
1151 3292 1299 3361 aliquanto
1317 3296 1382 3364 poat

236 3386 329 3439 autem
356 3383 416 3452 ipse
440 3385 673 3437 commemoratur
695 3383 829 3437 Donatus.
871 3383 933 3436 Nou
961 3383 1054 3438 hercle
1081 3384 1170 3438 maior
1195 3384 1257 3440 laus
1284 3403 1381 3442 eorum

236 3477 360 3545 quaeda
380 3481 500 3543 normae,
520 3481 576 3533 viter
595 3484 622 3533 et
640 3479 771 3533 doctriua
789 3479 887 3534 Plauti
903 3484 1001 3545 poetae
1020 3477 1169 3531 traduntur
1186 3479 1205 3534 f.
1224 3483 1267 3544 86,
1285 3497 1301 3534 e
1320 3480 1381 3548 qui·

236 3573 288 3624 hus
307 3569 464 3639 speciminis
483 3587 580 3623 caussa
597 3569 738 3623 tralaticia
756 3569 825 3623 hacc
843 3570 1042 3638 excerpsimus:
1062 3614 1067 3623 .
1084 3613 1089 3623 .
1105 3587 1164 3627 .e.'e
1183 3573 1296 3630 ambria
1313 3592 1381 3643 pro

237 3669 333 3721 rrirteia
351 3680 422 3732 quere
440 3671 484 3719 est
501 3666 580 3719 eirea
599 3665 731 3720 urbinum
753 3681 792 3718 ere
810 3667 926 3721 ciuitate
944 3682 1015 3732 ettae
1033 3666 1140 3720 dieitur
1162 3669 1314 3723 sarsiaam
1333 3711 1381 3725 ...

237 3803 243 3814 .
262 3803 267 3814 .
286 3761 321 3814 dc
338 3760 469 3814 doctrina
492 3765 585 3813 autem
608 3761 669 3813 cias
688 3759 756 3812 dicit
774 3758 934 3814 nracrobias
952 3762 1044 3814 etiarm.
1063 3760 1158 3825 primo
1182 3762 1383 3818 animaduerto

237 3853 309 3907 (leros
327 3869 396 3919 oreos
415 3853 658 3919 eloquentissimos
676 3855 793 3918 ‹entiqaa
812 3857 892 3906 cretas
908 3852 1029 3918 protulit
1042 3851 1182 3907 Comieam
1200 3852 1337 3910 Plautum
1355 3862 1384 3912 et

239 3945 388 4001 Oratorem
414 3944 525 4000 Talium
552 3961 600 4000 eos
623 3946 719 3999 ‹errrlros
742 3947 825 3999 etiam
848 3945 887 3999 ad
908 3943 1040 4000 locorum
1069 3950 1248 4001 repostorem
1277 3951 1383 4004 ceteris

235 4041 417 4104 praestitisse
431 4053 455 4089 e.
469 4056 494 4105 q.
510 4055 530 4089 s¹
551 4069 582 4075 -
602 4036 731 4090 Ceterum
750 4036 837 4089 codex
855 4038 898 4089 est
915 4034 1018 4089 saeculi
1030 4034 1089 4100 XV,
1108 4036 1216 4090 formae
1235 4038 1383 4103 maximae,

240 4128 367 4181 soliorum
390 4136 444 4194 138,
462 4130 537 4198 ipsas
557 4129 664 4182 fulmins
682 4131 783 4198 poetae
802 4146 857 4182 non
875 4128 1030 4182 continens:
1053 4127 1179 4198 pertinet
1195 4131 1292 4184 autem
1310 4147 1383 4185 com·

240 4220 391 4274 montarius
409 4223 445 4274 ab
464 4222 665 4290 Amphitruone
685 4223 721 4275 ad
740 4221 892 4291 Epidicum.

307 4313 332 4377 *l
362 4312 465 4367 Parcus
488 4332 549 4367 omn
572 4315 685 4382 praeter
703 4313 834 4368 Veterem
858 4312 926 4379 (Pal.
953 4315 1028 4380 1615)
1052 4315 1080 4368 et
1103 4312 1288 4369 Decumum
1310 4314 1381 4383 (Pat
