2850 5032
177 105 242 168 400
486 117 760 167 anaunarronas
782 117 1016 168 unacaroars.

177 275 236 353 bus
259 273 498 356 offensionibus,
523 294 604 357 quae
627 275 735 336 tamen
758 272 866 336 nullae
888 272 1063 336 editoribus
1079 272 1365 358 interpretibus-

176 405 238 467 que
259 383 406 467 fuerunt,
431 384 491 447 etsi
514 406 530 447 c
553 383 770 467 discrepantia
792 382 969 466 scripturae
991 383 1074 447 nihil
1096 383 1209 447 auxilii
1232 406 1365 469 para—

177 498 244 556 tum
273 497 321 557 est
350 494 425 577 (nisi
454 493 537 578 quod
565 496 665 558 amicti
687 493 788 557 Vetus
816 514 874 576 pro
896 500 1011 558 uminis
1032 495 1196 577 praebet):
1234 501 1269 558 at
1290 496 1359 563 ἰιι

177 605 336 686 scriptura
358 605 428 687 ipsa
444 626 553 667 verum
576 605 622 668 ita
644 604 812 686 delitescit,
837 605 873 666 ut
894 607 981 669 recte
1005 626 1077 668 cum
1099 605 1233 669 sociatis
1256 609 1357 674 tun·

178 714 357 778 dissociatis
386 715 517 797 syllabis
540 718 703 797 tamquam
727 735 785 776 sua
806 716 921 795 sponte
950 713 1094 797 prodeat.
1140 713 1337 799 111111111-

178 824 249 888 dem
272 823 332 889 hoc
355 825 500 909 exemplo
522 823 684 887 declarare
706 822 797 886 licet:

213 932 1289 1053 EOEGOUTQUdEMANDATAAMlCUMAMlClS'l'llADAMlMMOMANE

217 1062 252 1101 aa
269 1062 323 1103 sco
343 1062 376 1102 ur
394 1061 470 1110 111111
502 1060 638 1102 arianam
683 1059 711 1099 su
735 1058 1168 1102 111111111111111111111
1193 1060 1274 1103 araxe

156 1172 246 1244 ‘Nec
274 1182 360 1245 enim
389 1181 572 1245 suasoribus
600 1180 693 1244 nobis
721 1178 883 1243 dubitabis
906 1176 986 1262 quin
1007 1178 1087 1243 haee
1113 1180 1186 1263 ipsa
1208 1182 1338 1264 poetae

177 1313 292 1356 manus
315 1292 373 1356 sit:

283 1417 328 1491 ilo
357 1453 412 1509 ego
435 1438 485 1506 ut,
510 1453 585 1508 quiae
607 1432 749 1490 mandata
771 1432 844 1490 mihi
867 1435 952 1504 sunt,
975 1432 1194 1491 administrem.
1242 1433 1317 1492 Dan.

785 1536 875 1575 immo
898 1537 1030 1591 mane:-

177 1672 240 1734 qua
262 1652 451 1733 recuperata
474 1647 555 1712 nihil
577 1647 704 1713 illorum
720 1648 873 1729 omnium,
897 1651 1062 1731 quactum
1078 1668 1148 1710 esse
1171 1648 1319 1712 intolera-

178 1760 256 1824 bilia
270 1783 367 1843 supra
382 1760 528 1840 vidimus,
553 1758 697 1821 relictum
720 1761 778 1820 cst.
811 1759 861 1821 Ac
875 1757 1038 1821 simillimo
1052 1757 1141 1820 verbi
1164 1780 1223 1821 usu
1247 1758 1321 1840 (alia

177 1892 219 1933 ne
242 1870 449 1952 cumulemus)
477 1869 510 1931 iu
537 1868 691 1951 Adelphis
714 1865 754 1950 V,
782 1869 808 1950 l,
832 1867 853 1929 2
880 1866 1049 1931 Terentius
1080 1872 1235 1947 Lauteque
1261 1891 1321 1932 rau·

179 2002 234 2044 rius
256 1986 478 2044 administrasti
499 1990 589 2042 luam.

263 2148 473 2213 Volueramus
488 2149 522 2211 iu
537 2149 639 2211 triade
662 2148 919 2213 emendationum
942 2148 1129 2212 subsistere:
1153 2169 1191 2211 ea
1214 2151 1322 2212 antem

178 2263 214 2323 ut
240 2263 308 2323 tota
337 2259 488 2323 Plautina
516 2258 558 2321 sit
586 2258 726 2342 (quaudo
755 2280 819 2322 non
847 2258 887 2321 ad
915 2258 1020 2342 ipsum
1043 2256 1193 2321 Plautum
1219 2259 1323 2341 prium

126 2380 165 2430 vll
184 2370 382 2455 spectabat),
412 2391 450 2433 ex
473 2370 582 2433 eadem
605 2389 722 2432 scaena
745 2368 840 2431 aliam
864 2367 1007 2431 addimus
1029 2371 1096 2431 tam
1118 2370 1232 2431 nostra
1255 2392 1326 2433 seu-

177 2482 280 2544 tentia
302 2480 408 2543 lenem
431 2482 463 2543 et
484 2479 662 2563 simplicem
684 2501 779 2562 quam
803 2481 922 2541 certam
945 2481 977 2541 et
992 2479 1220 2542 necessariam.
1257 2478 1325 2541 lla·

177 2592 285 2673 gitant
308 2613 377 2653 eam
403 2590 611 2672 llemiplronis
634 2589 708 2652 inde.
731 2611 749 2650 a
772 2611 801 2651 v.
825 2589 865 2652 62
890 2587 976 2676 [396]
1000 2587 1079 2651 haee
1103 2589 1216 2651 verba:

261 2749 346 2806 Nihil
369 2752 459 2823 opust
481 2749 569 2805 nobis
593 2748 700 2806 ancilla
722 2747 780 2805 nisi
804 2766 880 2821 quac
903 2748 1000 2819 tonat,
1024 2765 1101 2820 quae
1124 2747 1238 2815 molat,

263 2833 392 2907 Lignum
416 2833 529 2906 caedat,
552 2852 678 2906 pensum
702 2832 807 2901 saciat,
831 2831 913 2888 aedis
936 2835 1046 2901 verrat,
1071 2831 1206 2904 vapulet,

262 2918 344 2986 (1111
366 2917 475 2975 habeat
497 2917 694 2975 cottidianum
722 2915 852 2974 familiae
875 2918 992 2973 coctum
1014 2915 1124 2972 cibum

180 3064 241 3129 Vbi
264 3087 328 3128 non
358 3065 450 3127 modo
480 3064 730 3127 concinnitatem
761 3062 1008 3127 conformandae
1030 3061 1186 3124 orationis
1219 3065 1328 3145 perire

177 3177 281 3240 denuo
308 3175 435 3238 invecto
464 3180 545 3249 (1111
568 3174 755 3257 pronomine
778 3173 912 3255 senties,
937 3172 991 3235 sed
1015 3172 1110 3234 etiam
1134 3177 1234 3235 eibum
1258 3196 1328 3237 crir-

177 3299 236 3351 lum
261 3291 405 3365 familiae
432 3290 574 3348 liuttere
602 3285 678 3367 quid
707 3286 749 3346 sit
771 3284 938 3347 nobiscum
961 3280 1142 3366 ignorabis:
1177 3304 1240 3346 nec
1265 3282 1327 3367 1³5-

177 3396 257 3460 ladis
287 3395 463 3459 mutatione
489 3399 629 3473 (lusuque
650 3400 762 3458 liabeo!
788 3394 959 3477 quiequam
988 3412 1046 3455 nos
1074 3393 1231 3474 prolicere
1255 3415 1329 3476 per-

176 3508 301 3591 spicies.
347 3504 397 3570 Ne
419 3504 531 3576 multa,
555 3503 684 3587 scripsit
706 3506 815 3588 poeta:

261 3646 490 3705 Praehibeat
519 3644 720 3704 cottidianum
742 3645 873 3704 familiae
897 3644 1013 3702 coctum
1035 3642 1144 3702 cibum.

1303 3796 1316 3831 .'

1319 3853 1328 3877 a

177 3802 341 3887 llaemplis
364 3805 390 3867 si
413 3827 492 3887 alliu
514 3807 578 3886 est,
604 3802 725 3867 affatim
749 3802 881 3866 Plautus
905 3800 1089 3884 praehibet:
1127 3797 1258 3881 Epidici
1286 3800 1304 3863 l

175 3917 206 3995 2,
231 3916 271 3979 62
296 3918 912 3994 1111111111οριιεεειᾳηοάραρρει.
960 3917 1041 3975 Pru.
1064 3914 1205 3974 dabitur:
1232 3932 1329 3990 proe-

176 4031 247 4088 bebo
267 4030 373 4088 cibum
422 4025 535 4088 l'ersae
559 4047 587 4086 v.
618 4024 675 4087 132
700 4028 750 4086 Me
772 4035 805 4086 ut
826 4025 980 4101 quisquam
999 4027 1090 4098 nord,
1116 4025 1177 4083 uisi
1198 4024 1253 4082 ule
1275 4030 1333 4099 qrrr'

173 4139 299 4213 praebet
331 4140 452 4198 cilliam?
496 4135 545 4197 ldt
567 4136 599 4197 in
629 4132 790 4196 simillimo
819 4153 937 4215 genere
968 4131 1124 4195 ltudentis
1153 4128 1201 4209 ll,
1228 4130 1260 4209 o,
1285 4132 1332 4195 29
