2850 5032
201 304 264 369 262
540 315 762 366 uuossnuiuu
786 316 998 363 euuvmnvn.

202 497 253 540 svs
287 493 347 540 nort
380 472 510 556 scripsit
531 470 616 537 Eun.
640 471 683 554 II,
718 472 749 553 3,
782 471 820 534 41
847 470 952 553 (332),
988 492 1117 551 prorsus
1143 478 1221 537 nanu
1241 472 1346 538 Haut.

203 584 261 669 IV,
295 586 325 668 5,
360 584 401 648 28
424 583 524 666 (776),
547 603 741 666 quamquam
772 583 905 665 utroque
938 580 1008 645 loco
1037 602 1180 660 prorsum
1207 582 1350 648 formam

204 698 315 760 tuente
338 693 510 776 Bembin03
545 694 658 756 contra
691 690 826 755 eundem
849 693 956 755 autem
974 711 1118 770 prorsam
1140 715 1199 777 pro
1217 713 1351 774 prorsus

205 806 291 872 Eun.
310 805 351 889 V,
369 806 399 888 8,
415 805 575 891 52(1082)
586 810 693 868 mettas
701 823 831 882 prorsas
844 823 939 881 neque
947 808 1112 882 prolixius.
1141 801 1212 869 Nec
1226 805 1352 871 maiore

205 919 274 983 iure
307 917 447 982 eiusdem
468 915 544 978 libri
567 913 757 978 auctoritate
779 911 966 997 posthabita
984 933 1113 992 prorsas
1133 922 1269 981 nesciam
1290 939 1354 1002 pro

205 1036 336 1094 nesciam
355 1047 498 1107 prorsum
521 1024 688 1108 substituit
708 1024 744 1087 in
766 1022 968 1087 Phormiouis
989 1022 1031 1107 V,
1055 1024 1087 1107 8,
1110 1024 1151 1090 87
1175 1026 1265 1108 (980)
1288 1026 1355 1093 hoc

206 1161 299 1204 versu
327 1145 366 1203 Vt
387 1138 462 1216 quid
482 1158 573 1215 aqam
595 1157 663 1200 cvm
685 1141 737 1198 illo
758 1137 890 1199 nesciam
908 1154 1085 1214 prorsumr:
1118 1138 1175 1216 ὁμο
1196 1143 1271 1216 scio,
1295 1138 1355 1202 ubi

207 1248 242 1313 in
262 1248 347 1313 thesi
368 1247 509 1331 positum
526 1267 669 1327 prorsum
691 1244 800 1309 nescio
822 1245 897 1328 quid
919 1244 1060 1328 scmpuli
1083 1246 1112 1310 ei
1127 1245 1239 1311 iniecit
1260 1269 1357 1332 prae·

207 1363 258 1424 ter
279 1358 447 1422 rationem.
495 1357 664 1421 Praeterea
687 1358 793 1419 autem
816 1355 890 1419 adn.
916 1355 956 1418 ad
978 1355 1080 1420 Andr.
1104 1356 1131 1440 Ι,
1154 1357 1186 1441 5,
1202 1357 1247 1423 29
1262 1358 1358 1442 (264)

209 1468 402 1552 etAdelph.
426 1467 484 1551 IV,
517 1467 548 1550 2,
580 1467 622 1531 36
645 1467 733 1549 (575)
756 1465 858 1530 huius¹
873 1467 1002 1549 generis
1024 1467 1166 1531 universi
1187 1470 1259 1532 tam
1281 1490 1359 1553 pro-

209 1580 366 1644 miscuum
389 1601 482 1642 usum
505 1578 613 1642 animo
635 1576 833 1659 informavit,
857 1576 949 1660 quasi
971 1575 1053 1641 nihil
1074 1599 1227 1662 umquam
1241 1578 1359 1644 discri-

208 1690 305 1755 minis
327 1690 377 1754 vel
400 1692 488 1753 aetas
510 1689 562 1752 vel
585 1687 781 1752 consuetudo
803 1687 935 1772 linguae
957 1688 1117 1753 statuerit.
1163 1688 1208 1752 ut
1228 1692 1357 1774 tamen,

209 1802 263 1886 qui
294 1799 446 1882 similium
478 1799 621 1862 omnimn
642 1796 882 1861 multitudinem
904 1797 1076 1883 diligenter
1097 1799 1358 1884 perlustraverit,

210 1910 358 1975 dubitare
391 1931 458 1973 non
488 1909 608 1994 poterit
640 1909 719 1992 quin
742 1906 905 1991 antiquior
925 1906 1039 1993 lingua
1061 1931 1131 1973 eam
1152 1911 1359 1976 terminatio

210 2043 295 2105 nem,
318 2042 400 2104 quae
423 2019 460 2082 fit
481 2019 517 2083 in
539 2041 599 2101 am,
621 2021 658 2082 ut
679 2017 853 2103 plurimum
867 2018 1062 2103 probaverit,
1086 2020 1126 2084 ad
1146 2043 1218 2084 eam
1232 2025 1358 2105 autem,

210 2154 291 2216 quac
302 2135 351 2196 est
362 2153 407 2213 us,
433 2129 526 2194 citius
543 2128 577 2193 in
596 2128 678 2212 aliis,
701 2128 737 2193 in
753 2128 824 2193 aliis
839 2128 958 2193 lentius
969 2151 1139 2215 progressa
1151 2130 1204 2215 sit,
1227 2131 1265 2196 in
1288 2133 1360 2217 qui-

210 2242 344 2306 busdam
354 2240 506 2304 Plautina
521 2240 634 2303 saltem
646 2241 752 2303 aetate
770 2239 823 2303 vix
838 2261 989 2322 umquam
1010 2241 1184 2305 transierit.
1218 2240 1307 2306 Nam
1330 2243 1361 2307 si

211 2351 304 2416 modo
337 2351 477 2435 aliquam
506 2349 602 2413 fidem
634 2353 777 2413 veterum
799 2349 955 2414 librorum
976 2351 1129 2416 memoria
1151 2351 1265 2435 habet,
1289 2373 1360 2417 om·

211 2461 301 2526 nium
333 2461 471 2544 primum
499 2481 630 2540 prorsus
661 2463 693 2523 et
714 2465 863 2525 advorsus
871 2463 903 2542 *)
937 2460 1111 2525 invaluisse
1132 2442 1361 2546 pro'prorsum

213 2579 375 2637 advorsum
407 2571 599 2636 eredendum
632 2573 695 2634 est:
729 2570 848 2634 diutius
882 2592 932 2636 am
964 2571 1149 2636 terminatio
1182 2570 1289 2637 haesit
1322 2574 1361 2638 in

213 2705 350 2747 rursum:
382 2703 482 2767 prope
511 2683 662 2745 constans
691 2682 801 2745 eadem
822 2681 944 2746 mansit
965 2681 1000 2745 in
1023 2704 1140 2748 vorsum
1164 2684 1361 2765 (aliovorsum

213 2799 367 2869 aliorsum,
392 2801 625 2873 aliquovorsum,
650 2800 860 2871 altrovorsum,
878 2799 1122 2873 dextrovorsum,
1139 2806 1358 2873 retrovorsvm,

214 2917 458 2984 utroqueversum
475 2926 548 2968 cum
569 2902 740 2985 finitimis),
764 2925 915 2982 quorsum,
938 2909 1070 2981 horsum,
1095 2911 1242 2982 istarsam,
1268 2910 1360 2969 dear-

212 3036 288 3093 sum,
320 3037 452 3080 seorsum
485 3035 615 3091 sorsum,
650 3034 780 3077 sursum.
831 3015 861 3076 A
890 3012 1038 3078 Bentleio
1067 3013 1195 3078 demum
1217 3014 1360 3099 Adelph.

213 3123 271 3206 IV,
296 3125 327 3207 2,
351 3125 392 3189 35
415 3124 502 3205 (574)
525 3125 687 3188 invectum
708 3145 812 3189 sursus
834 3125 948 3187 merito
970 3124 1091 3207 sprevit
1115 3124 1361 3208 Fleckeisenus3

216 3235 359 3298 Andriae
381 3235 407 3318 l,
430 3236 462 3317 5,
485 3234 527 3298 29
549 3235 648 3318 (264),
678 3255 740 3318 quo
762 3233 846 3297 idom
868 3233 922 3297 ille
944 3255 1071 3313 quorsus
1093 3233 1202 3298 intulit
1224 3238 1360 3318 praeter

216 3345 330 3427 libros,
368 3344 484 3408 leniter
506 3345 780 3428 transponcndmn
804 3347 852 3407 est
873 3344 937 3407 nisi
959 3343 1055 3408 fallor
1077 3347 1262 3410 Iace'rtumst
1282 3353 1364 3425 quid

216 3477 339 3535 naama
361 3457 472 3519 misera
494 3462 592 3531 timeo,
617 3457 764 3519 tuce'rtum
787 3475 929 3533 quorsum
951 3460 1009 3518 troc
1031 3456 1219 3539 decidat.**)
1249 3455 1364 3521 Etiam

216 3567 320 3650 magis
343 3567 496 3630 miramur
519 3572 657 3630 deorsum
680 3585 784 3630 vorsus
805 3565 931 3649 placere
954 3564 1101 3629 Bentleio
1123 3565 1267 3648 potuisse
1282 3567 1362 3633 adn.

217 3677 257 3741 nd
280 3677 341 3741 Ad.
365 3676 424 3769 IV,
458 3678 489 3760 2,
513 3677 554 3739 36
577 3676 680 3757 (ultim
717 3675 892 3739 intralibus
915 3675 1001 3738 enim
1024 3680 1274 3759 exaequatamm
1295 3680 1362 3742 ter·

217 3788 429 3851 rninationum
464 3786 713 3851 communitatem
746 3807 796 3850 res
823 3786 895 3870 ipsa
922 3785 1063 3869 flagitat,
1103 3789 1140 3849 ut
1160 3788 1217 3849 aut
1238 3808 1363 3851 rursum

212 3920 356 3978 prorsum
385 3902 441 3962 aul
468 3919 574 3961 rursus
596 3919 728 3978 prorsus
754 3896 873 3960 dictum
901 3897 944 3960 sit
971 3895 1016 3960 eis
1039 3895 1193 3980 exenrplis
1215 3918 1296 3981 quae
1320 3897 1363 3961 ud

285 4068 310 4135 *)
328 4067 479 4136 Vtriusque
497 4070 603 4121 l'ormae
622 4066 707 4120 etiam
725 4066 754 4119 iu
767 4065 879 4121 Catonis
899 4065 1065 4136 fragmentis
1079 4074 1157 4122 carta
1169 4081 1228 4121 esse
1241 4064 1365 4135 vestigia

219 4159 316 4214 relicta
333 4161 422 4216 video.

286 4254 327 4319 **)
356 4254 417 4307 Nisi
439 4256 576 4322 praestat,
604 4254 678 4319 quod
700 4253 835 4308 Antonius
861 4253 982 4307 Klettins
1003 4270 1081 4306 meus
1104 4252 1250 4323 proposuit
1271 4252 1367 4311 Musei

221 4344 306 4399 Rhen.
325 4348 346 4400 t.
365 4346 428 4399 XIV
445 4365 472 4417 p.
492 4353 551 4412 467,
570 4351 747 4405 incertumst
771 4348 824 4404 troc
842 4365 977 4418 quorsum
996 4349 1116 4405 accidat.
