2850 5032
133 306 196 369 378
408 321 649 381 ovansrronas
673 320 982 388 rorosnneiucna.

134 475 272 561 uerear),
304 475 436 540 Metiam
466 476 532 539 sive
565 475 673 559 potius
701 475 859 539 illaeciam
888 475 979 560 (nam
1009 501 1028 540 a
1057 476 1144 541 tribu
1177 477 1222 541 du

132 587 247 651 statuit
270 586 309 649 ab
332 587 501 670 Esquilina
529 586 626 670 plane
653 586 812 650 diversam
839 591 872 650 et
893 587 980 651 inter
1007 587 1093 651 haue
1121 586 1222 672 Querq

131 697 340 782 tulanarnque
367 697 475 782 posuit
503 697 651 762 mediam.
697 697 793 765 Onius
821 697 963 762 instituti
986 720 1054 763 non
1076 698 1222 783 adseqnir

131 832 245 873 sanam
266 809 436 873 rationem.
482 808 568 873 Nam
595 812 632 872 ut
653 809 740 873 aliud
761 808 912 893 quiddam
934 831 1022 874 nune
1043 809 1190 894 mittam,
1219 833 1222 873 :

131 944 188 1005 per
210 943 244 985 se
266 920 364 985 habet
385 920 465 985 illud
481 924 707 1005 argumentum
729 920 794 984 vim
810 919 918 1003 ullam,
944 942 1027 1003 cum,
1051 921 1136 1006 quod
1159 921 1222 986 eti¹

132 1031 208 1094 alibi
242 1032 404 1096 interdum
441 1032 548 1113 fieret,
583 1034 692 1095 tamen
726 1031 769 1095 de
801 1053 907 1095 more
939 1031 1084 1116 potuerit
1116 1016 1222 1116 Esqui

132 1143 238 1227 campi
266 1143 432 1227 proprium
461 1164 544 1207 esse:
581 1164 642 1207 nee
672 1143 699 1207 si
727 1141 877 1225 haberet,
906 1142 970 1205 alio
993 1141 1132 1224 ualeret,
1156 1143 1218 1207 nisi

131 1275 197 1318 non
219 1253 400 1317 necessario
423 1253 557 1317 eandem
579 1275 648 1318 csse
663 1253 797 1318 Metiam
812 1257 908 1338 atque
923 1252 1128 1337 Esquilinam
1149 1254 1222 1317 cred

132 1365 215 1448 ilum,
240 1364 295 1428 sed
317 1386 432 1448 posse
455 1366 624 1448 utramque
647 1363 806 1428 diversam
828 1364 940 1428 haberi
963 1367 1146 1448 appareret.
1192 1362 1218 1440 Q

132 1479 238 1539 irritem
260 1475 340 1539 illud
362 1475 492 1540 tandem
516 1498 584 1540 esse
606 1475 759 1559 dieamus,
783 1475 867 1560 quod
889 1475 930 1539 ab
952 1476 1015 1539 isto
1030 1475 1160 1559 quidem
1182 1498 1222 1556 ar:

131 1591 240 1651 mento
261 1587 424 1672 profectus
447 1587 508 1671 ipsi
530 1586 718 1671 Esquilinae
746 1587 924 1670 proximam
947 1586 1078 1670 posuit?
1123 1585 1222 1662 (luam

131 1699 200 1781 quis
228 1698 367 1762 mediam
393 1698 507 1762 fecerit
533 1697 619 1762 inter
642 1697 799 1762 Collinam
830 1702 863 1762 et
885 1697 1081 1780 Salutarem,
1112 1697 1163 1762 vel
1190 1698 1222 1761 in

131 1808 295 1892 Capenam
318 1808 666 1892 Caelimontanamque,
690 1809 739 1872 vel
761 1831 780 1872 a
802 1808 894 1873 laeva
916 1807 1031 1872 saltem
1053 1810 1146 1892 parte
1163 1807 1222 1892 Est,

131 1919 215 1982 linae
239 1919 323 1983 inter
345 1922 430 1984 hano
452 1924 485 1984 et
506 1919 716 1984 Viminalern:
754 1920 783 1983 ei
805 1919 881 2003 quid
903 1920 1036 1983 tandem
1057 1916 1207 2002 Nibbyns

131 2052 307 2114 sponsurus
340 2030 462 2094 fuerit?
505 2031 611 2114 Atque
633 2030 777 2094 instituit
798 2031 865 2095 eius
893 2029 980 2094 modi
1009 2028 1161 2113 quiddam
1195 2028 1222 2093 al

131 2142 283 2226 scriptor,
308 2140 491 2225 Stephanus
514 2141 604 2206 Piale
626 2141 851 2205 dissertatione
874 2147 951 2206 delle
974 2152 1065 2221 porte
1087 2146 1138 2205 dei
1159 2147 1222 2206 reci

131 2259 164 2316 (ii
184 2257 290 2317 Servio
315 2257 414 2318 Tullio
436 2258 516 2316 aella
541 2263 635 2332 parte
658 2258 805 2318 orientale
833 2258 868 2316 cii
893 2256 989 2316 soma
1019 2272 1048 2315 a.
1077 2251 1159 2316 1833
1188 2250 1222 2314 ed

131 2387 162 2447 p.
185 2362 224 2425 21
249 2384 309 2446 sq,
333 2363 387 2426 ubi
409 2363 484 2427 inde
507 2362 667 2428 aOollina
687 2364 748 2428 hoe
770 2386 839 2427 sese
862 2362 974 2426 ordine
997 2361 1142 2447 singulas
1166 2383 1222 2447 por

131 2473 293 2558 excepisse
308 2473 418 2538 finxit:
442 2472 611 2556 Collinam,
626 2472 832 2556 Catulariarn,
845 2472 1051 2554 Viminalem,
1069 2471 1222 2538 Collatini

131 2585 287 2650 Maeciam
317 2585 432 2670 (Mesia
454 2585 567 2650 scribit
593 2607 651 2668 pro
674 2592 796 2668 Mezia,
826 2607 1020 2669 quamquam
1042 2607 1061 2646 a
1083 2582 1184 2647 llletio
1211 2582 1222 2643 i

130 2699 197 2758 tarn
219 2697 362 2782 putans),
387 2696 600 2780 Esquilinam.
645 2695 728 2760 Nolo
750 2719 838 2760 nune
859 2695 981 2779 reliqua
1004 2695 1196 2778 impugnare
1217 2715 1222 2755 i

130 2807 233 2869 mina:
258 2809 371 2870 eontra
393 2829 473 2890 quae
489 2830 527 2871 ca
542 2807 604 2871 diei
627 2811 771 2890 possunt,
796 2829 877 2890 quae
900 2805 1030 2870 difficile
1052 2803 1153 2869 fuerit
1174 2825 1222 2886 rep

130 2915 210 2978 lere:
234 2916 268 2978 in
290 2916 360 2998 ipsa
382 2916 482 2980 llletia
505 2917 753 3002 disputationem
777 2918 934 2980 contineo
966 2916 1078 2999 ltaque
1100 2913 1153 2978 hic
1177 2936 1223 2978 scr

129 3029 181 3088 tor
204 3048 259 3089 cnr
281 3027 370 3090 iuxta
389 3027 606 3112 Esquilinam,
630 3049 822 3112 quamquam
845 3028 884 3091 ad
904 3025 1029 3090 laevam
1050 3027 1159 3109 potius
1180 3048 1222 3110 qu

131 3160 203 3200 curn
225 3135 353 3221 Nibbyo
376 3138 416 3201 ad
438 3138 594 3223 dextram,
617 3139 722 3204 locum
738 3138 856 3203 Mctiae
878 3140 989 3222 portae
1012 3136 1205 3220 adsignant,

100 3247 240 3333 'tellegi
270 3252 354 3312 eerte
382 3251 502 3333 potest,
536 3251 654 3334 quippe
681 3271 747 3313 non
782 3248 966 3332 (intimabat,
1004 3248 1081 3332 quin
1116 3249 1157 3311 de
1190 3269 1222 3311 m

130 3358 296 3442 suppliciis
330 3359 574 3445 sepulturaeque
613 3383 743 3444 campus
780 3359 967 3445 Esquilinus
1004 3357 1207 3440 inservierit,

131 3469 214 3553 quod
235 3474 413 3556 negaverat
434 3470 590 3556 Nibbyus.
626 3471 821 3555 Accedebat,
845 3469 929 3555 quod
950 3469 1086 3534 duarum
1109 3473 1222 3552 portar

198 3720 224 3788 *)
247 3720 364 3788 ‘Quesii
385 3722 440 3776 due
463 3722 546 3788 possi
570 3720 612 3786 (di
629 3720 744 3786 Pluuio)
767 3721 866 3788 secero
889 3720 928 3774 od
945 3718 1042 3774 alcion
1060 3719 1222 3775 moderni<

129 3816 252 3883 fondere
271 3816 299 3870 iu
314 3820 400 3883 peria
417 3812 512 3869 iiic’ziu
531 3814 604 3870 colio
623 3813 782 3881 Esquilino,
798 3812 972 3881 perchensi
986 3812 1126 3879 primosi
1142 3814 1222 3880 parii

133 3927 171 3965 iia
193 3926 275 3976 rouo,
304 3909 351 3965 acl
372 3909 495 3966 secondo
518 3909 548 3962 (ii
571 3925 609 3964 iia
632 3907 787 3975 sappiizio,
816 3922 891 3962 come
909 3906 985 3962 soliti
1001 3907 1084 3974 sarsi
1098 3907 1222 3974 suoi-id

127 4009 213 4070 parm
232 4003 335 4059 Meziu.
372 4002 422 4057 Mo
440 4009 545 4070 qieoaio
564 4003 593 4055 ui
607 4004 701 4069 primo
720 4018 777 4056 noa
797 4017 849 4056 cru
866 4001 1103 4068 priscilianistis
1121 4008 1212 4067 portu

131 4098 237 4164 quilius
266 4097 327 4151 sole
350 4096 441 4151 i'occr
462 4096 545 4163 fuori
570 4096 706 4163 sepulcri,
732 4112 747 4151 e
771 4096 870 4163 perca)
892 4093 1064 4161 partimini
1089 4094 1121 4148 di
1145 4112 1186 4149 rin
1212 4114 1222 4149 i

132 4207 188 4245 aon
212 4207 247 4245 ne
270 4206 354 4257 seque
377 4180 428 4244 che
451 4191 479 4244 io
502 4188 597 4245 Mezia
614 4190 695 4257 fosse
719 4206 778 4244 airu
800 4195 894 4244 sicssu
912 4194 996 4256 porta
1014 4187 1087 4242 colio
1106 4187 1222 4255 Esquili

131 4290 235 4349 quanio
251 4286 300 4350 poi
317 4284 347 4338 al
363 4283 503 4351 suppiizio
522 4299 630 4339 ancora
649 4289 815 4350 passionen
829 4285 855 4338 si
872 4283 1005 4349 csepuoa
1023 4280 1082 4338 solo
1099 4281 1186 4348 fuori
1204 4283 1222 4337 ci

127 4383 215 4444 porta
232 4376 391 4445 Esquilina,
411 4395 456 4432 ruo
472 4393 546 4445 pure
564 4380 594 4432 ia
613 4378 681 4433 altri
698 4376 801 4444 iuopiii,
820 4391 835 4432 e
854 4376 955 4432 deirae
970 4376 1001 4456 io
1019 4373 1088 4431 ciiii
1107 4391 1222 4432 ancora
