2850 5032
94 257 156 322 398
402 259 674 328 nurunirrouns
697 276 930 327 sarcasmus.

93 431 240 510 quartum
263 427 350 491 hunc
371 450 497 494 semum
520 434 617 496 Simul
637 437 738 498 etitem
760 437 929 512 suspiritus,
953 435 1007 493 oie
1028 434 1081 508 sut

93 544 139 602 cle
160 543 324 604 anhelitum
354 540 414 621 (sic
442 542 528 605 enirn
556 540 609 606 ille
638 542 838 624 scribendus)
866 540 944 612 hine
971 539 1081 622 dempt

94 649 214 712 ciamus
236 653 309 732 post
331 672 359 714 v.
379 652 418 714 14
441 648 539 739 [123],
563 674 628 716 non
651 656 724 736 post
747 652 785 717 13
808 673 880 715 cum
902 649 1068 733 Scaligero

94 758 250 823 Scriveiio
271 763 344 842 post
362 761 409 824 15.
441 759 549 825 Vnum
571 761 650 826 illud
672 784 760 826 nunc
775 761 966 845 quaerimus,
990 758 1081 843 quale

93 873 241 953 quartum
263 869 401 953 dederit,
432 871 467 934 in
489 894 552 955 quo
573 871 667 935 nihili
689 894 758 936 esse
780 870 862 957 quod
885 870 959 934 inde
982 891 1001 932 a
1023 868 1082 952 Pyt

94 980 195 1044 riensi
217 984 415 1064 propagatur
434 988 614 1060 plenissema
635 1004 695 1061 eos,
719 981 815 1046 facilc
835 983 884 1045 est
905 980 946 1043 ad
967 978 1080 1043 intelle

42 1088 47 1097 ’
91 1089 173 1164 Quid
197 1090 282 1153 enim
304 1090 473 1155 locutionis
494 1091 573 1156 illud
595 1097 644 1156 cst
665 1093 795 1156 tandem
812 1097 986 1171 plenissime
1008 1110 1081 1170 uspe

91 1221 184 1283 quem
207 1200 257 1264 vel
279 1207 457 1280 detrudere,
482 1208 646 1268 deturbare
673 1210 705 1267 im
728 1201 830 1267 aiom?
874 1199 942 1265 Nec
963 1199 1069 1284 magis

91 1314 165 1394 apte
187 1315 244 1374 aut
265 1311 381 1375 usitate
404 1311 454 1376 vel
471 1320 648 1393 planissime
670 1313 720 1377 vel
736 1318 923 1393 penitissime
943 1308 995 1374 vel
1017 1309 1081 1374 ado

90 1428 162 1484 sime
194 1420 304 1504 aspelli
341 1421 509 1486 adversum
537 1427 649 1488 euntes
690 1423 851 1487 dicentur:
888 1420 927 1484 de
955 1420 1071 1504 quibus

92 1530 247 1594 Lambino
269 1531 348 1596 duce
371 1531 426 1597 alii
449 1533 642 1618 cogitarunt.
688 1533 756 1608 Quo
784 1520 907 1596 accedit
934 1529 1017 1615 quod
1046 1552 1081 1594 nc

91 1642 217 1725 quiidem
239 1641 352 1705 horum
367 1644 537 1728 quiequam
559 1644 742 1728 patiuntur:
765 1642 880 1726 qiubus
896 1663 968 1704 cum
982 1644 1081 1725 trans]

91 1751 258 1816 verborum
280 1775 330 1816 eos
347 1761 548 1835 petenissume,
572 1776 622 1818 eos
634 1760 816 1834 planissume
831 1753 910 1815 satis
926 1752 994 1815 fieri
1010 1749 1081 1814 Botl

92 1860 216 1945 Guyeto
244 1862 431 1946 voluerunt,
461 1886 480 1928 a
507 1865 659 1928 librorum
687 1863 840 1927 memoria
867 1882 996 1945 prorsus
1019 1861 1081 1924 dest

91 1971 144 2036 Sic
166 1974 252 2036 enim
274 1974 440 2038 sciendum
463 1978 511 2038 est
534 1975 568 2038 in
584 1975 713 2058 optimis
736 1973 890 2056 scriptum
907 1993 990 2036 esse:
1013 1975 1081 2035 Sim:

89 2088 298 2162 plenissimetis
324 2091 391 2163 qui:
428 2085 512 2168 quod
540 2085 575 2149 in
607 2107 671 2148 una
699 2083 846 2168 principe
874 2082 1012 2145 editione
1040 2086 1081 2144 trs

88 2199 259 2270 plenissime
281 2199 318 2258 iis
332 2201 394 2273 qui.
427 2193 519 2258 Vnde
542 2217 631 2258 suam
647 2193 762 2258 Plauto
786 2192 981 2277 elegantiam
1004 2198 1081 2255 recti

90 2301 131 2365 tis
154 2302 285 2386 syllabis
308 2303 354 2368 sic
377 2303 503 2368 reddes:

154 2443 250 2512 Simul
272 2448 382 2518 obtem,
405 2446 528 2520 plenis
551 2447 700 2507 semitis
724 2447 776 2522 qui
792 2445 951 2505 advdrsum
975 2448 1056 2515 cunt,

152 2528 295 2604 Dotrddc,
323 2531 450 2589 deturba
473 2534 504 2589 in
527 2533 622 2591 viam:

89 2659 120 2723 b.
145 2682 172 2724 e.
197 2661 279 2724 ultro
303 2661 444 2746 citroque
467 2665 713 2728 commeantium
742 2683 897 2726 concursu
921 2661 1057 2743 crebris,

88 2770 174 2833 tibus
197 2773 328 2853 semitis
353 2772 499 2837 similiter
521 2777 616 2857 atque
638 2775 756 2838 Caesar
777 2779 865 2837 simm
887 2772 991 2856 inquit
1013 2793 1053 2833 un

88 2886 182 2944 mttlttt
204 2887 335 2961 venetique
355 2891 479 2962 portori
499 2895 590 2962 atque
612 2892 666 2961 uqi
688 2890 870 2964 plenissimis
892 2890 955 2958 viis,
980 2903 1047 2961 qiam

88 2996 231 3055 trimalias
253 2997 357 3057 timore
378 3015 417 3057 ex
445 3001 531 3072 apris
558 3000 587 3057 in
617 2999 718 3057 urbem
746 2998 950 3069 cotisertmtm·
977 2991 1015 3053 dc
1039 2992 1042 2999 ’

88 3099 129 3182 Π,
152 3102 204 3165 25.
250 3101 349 3166 Recte
382 3107 489 3167 autem
518 3107 550 3165 et
580 3103 665 3165 erei
693 3104 826 3166 veritate
854 3103 1021 3166 attvcrstmi

88 3211 201 3274 semita
223 3211 304 3277 dcici
327 3214 361 3277 in
384 3213 467 3277 viam
492 3213 569 3296 dici,
600 3212 800 3277 Curculionis
830 3235 945 3276 scaena
975 3217 1027 3273 tes·

86 3320 248 3385 simillima
269 3322 312 3407 ΙΙ,
336 3324 371 3387 3:

170 3474 443 3540 Dbtorian1⁰1uihi
466 3482 531 3540 noti
555 3482 662 3558 ignoti,
687 3481 757 3539 dum
782 3500 837 3556 ego
861 3482 908 3538 hie
931 3481 1008 3538 offici

173 3566 276 3624 Facio:
300 3567 397 3642 fugito
420 3587 531 3639 omnim,
555 3567 635 3624 aliitc
659 3570 688 3623 ct
711 3566 747 3623 dc
770 3567 818 3623 via
841 3566 984 3636 dcccditc‚

172 3650 217 3708 No
248 3671 335 3726 quc-m
364 3653 394 3710 in
426 3672 512 3711 cursu
537 3652 633 3725 capite
657 3653 709 3708 siut
731 3651 832 3708 cuiiito
856 3653 906 3707 aut
931 3652 998 3723 pcct

697 3738 749 3793 aut
771 3755 866 3809 genu:

172 3817 220 3880 Ita
240 3838 320 3880 nunc
335 3819 435 3881 subito
459 3839 585 3896 propt-rc.
601 3826 631 3879 ct
647 3822 739 3879 cclcrc.
763 3820 943 3877 obiectumst
967 3839 989 3875 ir

87 4028 154 4081 satis
183 4029 223 4082 vel
252 4030 392 4082 assecutos
415 4045 475 4082 csse
499 4028 540 4081 voi
565 4028 727 4096 pensitasse.
765 4028 838 4092 Qum
862 4027 955 4093 aliqua

87 4121 145 4175 cam
165 4121 190 4174 in
210 4121 290 4174 buius
308 4121 452 4175 voiumiuis
471 4121 664 4174 dissertatione
683 4121 706 4173 X
728 4140 754 4189 p.
770 4121 846 4186 Vsq.
873 4124 971 4184 Quium«

87 4215 171 4268 ctiam
189 4213 355 4268 considerati
367 4214 456 4268 virum
475 4214 567 4267 indicii
582 4214 731 4267 Brixium
752 4213 816 4265 nubi
836 4214 965 4265 :diversas

86 4325 112 4376 p.
132 4307 204 4375 libii]
