2850 5032
166 306 229 370 394
451 319 690 383 Qvansrronns
714 288 1020 370 roroenrrnrc'nn.

166 463 215 541 est
235 475 356 540 Rerum
387 475 598 540 humanarum
630 475 721 539 libris
744 474 827 558 apud
850 473 1012 539 Donatum
1035 473 1071 538 in
1093 473 1204 539 Eunus

164 587 195 669 2,
219 586 277 668 25,
301 588 334 650 et
366 608 404 650 ex
437 607 473 650 eo
506 587 542 649 ut
562 585 688 650 videtur
710 584 841 649 Paullus
873 584 960 675 Festi
990 584 1153 649 breviator
1184 608 1204 670 p

165 697 286 779 Muelb,
312 698 591 761 commemoratum
623 696 702 760 illud
735 695 830 760 etiam
854 695 892 759 de
923 695 1038 780 lingua
1069 694 1127 759 lat.
1151 694 1204 759 ΙΙ

164 830 196 891 p.
223 807 283 871 148
306 807 360 892 Sp.
406 806 443 870 ld
465 807 551 870 enim
574 828 645 871 cum
668 807 702 870 in
724 805 855 870 Aemilii
877 805 1043 891 Fulviique
1071 806 1204 891 operibu

166 921 330 983 recenseat
351 917 477 1000 Livius,
513 918 553 981 ab
585 918 655 1001 ipso
677 916 833 982 Fulviano
865 917 934 981 foro
967 916 1140 1000 piscatorio
1173 916 1204 979 fo

164 1051 239 1095 non
253 1030 412 1094 diversum
434 1049 503 1092 csse
519 1026 680 1092 Beckerus
702 1052 733 1111 p.
750 1028 812 1093 503
836 1027 1022 1092 dubitanter
1037 1027 1174 1092 coniecit
1197 1051 1204 1090 r

166 1140 352 1206 Bunsenum
374 1137 485 1202 Deser.
510 1136 607 1202 Vrbis
629 1137 689 1221 ΠΙ,
716 1140 731 1201 1
756 1162 786 1222 p.
811 1139 884 1221 467,
909 1138 962 1222 qui
984 1144 1143 1203 macellum
1166 1159 1204 1201 mr

165 1252 199 1316 in
231 1253 341 1316 monte
364 1248 482 1314 Caelio
505 1248 668 1313 conditum
700 1249 930 1333 interpretatus
962 1251 1043 1313 erat.
1089 1247 1205 1313 Sedet

165 1361 262 1426 dubia
289 1359 346 1424 illa
374 1363 424 1424 est
453 1360 650 1442 coniectura,
686 1381 747 1424 nec
775 1381 812 1423 ea
839 1382 918 1442 opus
940 1359 1096 1423 habemus
1118 1361 1155 1423 ut
1177 1381 1204 1423 ο]

165 1472 360 1556 piscatorum
393 1471 614 1555 laniorumque
648 1472 743 1554 atque
766 1470 845 1534 adeo
867 1469 930 1533 alia
954 1469 1026 1533 fora
1047 1491 1114 1533 non
1137 1469 1204 1533 fuis

165 1583 249 1647 vitae
270 1604 330 1646 usu
351 1581 402 1645 vel
424 1581 651 1646 denominandi
676 1580 903 1645 consuetudine
925 1580 1065 1644 severius
1092 1580 1204 1644 discret

130 1694 215 1757 xbis
237 1692 493 1778 persuadeamus.
523 1691 626 1756 Docet
645 1691 706 1756 hoc
727 1695 854 1775 praeter
876 1712 1008 1775 eaquae
1029 1711 1126 1774 supra
1142 1693 1204 1755 attr

164 1803 214 1867 vel
245 1804 357 1868 Festus
389 1825 420 1885 p.
444 1801 523 1884 238,
557 1802 610 1865 ubi
642 1810 827 1883 piscatorum
853 1806 1061 1866 l'r'berincrum
1083 1813 1204 1881 quaeslr

164 1937 224 1979 non
250 1898 289 1978 'in
322 1919 481 1978 macellum
497 1920 674 1993 pervenire,
709 1919 763 1976 sed
782 1915 851 1989 sere
873 1920 903 1976 in
937 1933 1043 1976 aream
1074 1917 1203 1977 Volcani

164 2024 292 2110 quidem
314 2044 388 2088 area
409 2021 562 2104 Volcani,
592 2023 631 2086 de
653 2045 716 2106 qua
739 2022 866 2087 uberius
889 2021 1049 2086 Beckerus
1072 2045 1103 2105 p.
1127 2023 1191 2087 286

78 2209 79 2213 ¹
164 2136 268 2219 ipsum
301 2135 406 2198 forum
440 2134 646 2217 piscatorium
679 2133 856 2218 significari
878 2131 1057 2197 Vrlichsius
1090 2136 1201 2197 noster

165 2246 275 2310 Descr.
300 2243 397 2308 Vrbis
419 2243 479 2326 ΙΙΙ,
503 2244 522 2307 3
544 2266 575 2325 p.
601 2243 665 2328 14).
710 2243 918 2307 Luculentius
938 2243 1033 2307 'idem
1067 2266 1084 2306 e
1107 2242 1204 2308 (birci

164 2356 236 2439 hac,
261 2377 280 2418 a
302 2376 365 2439 qua
387 2353 489 2417 exorsi
512 2375 630 2437 sumus,
654 2375 771 2418 scaena
794 2353 1009 2438 cognoscitur,
1034 2354 1123 2418 cuius
1141 2377 1169 2416 v.
1190 2354 1203 2417 l

164 2467 330 2529 morantur
362 2469 562 2545 symbolorum
595 2470 766 2529 caelatores
799 2470 886 2543 opud
911 2468 1018 2540 sorum
1046 2471 1204 2543 piscarium

165 2574 292 2661 quidem
327 2575 429 2639 forum
453 2598 480 2638 a
493 2575 562 2639 foro
584 2574 756 2659 piscatorio
778 2595 908 2658 prorsus
931 2573 1091 2638 diversum
1113 2596 1181 2639 esse

165 2687 203 2750 de
225 2686 338 2771 lingua
360 2685 416 2748 lat.
441 2684 471 2748 V
494 2690 514 2766 ὅ
539 2685 598 2749 146
621 2708 652 2768 p.
679 2685 737 2748 147
761 2684 928 2766 coderet,
963 2684 1045 2768 quod
1071 2692 1204 2750 secunde

164 2803 258 2860 llerlm
280 2796 379 2859 fuisse
403 2795 531 2860 scribit:
565 2795 597 2858 id
619 2794 702 2880 quod
735 2794 911 2858 rectissime
944 2795 1027 2859 idern
1050 2794 1104 2858 ille
1127 2795 1204 2860 Vrii

165 2908 340 2990 perspexit,
375 2905 437 2969 nisi
460 2905 543 2988 quod
565 2908 692 2989 praeter
714 2918 834 2986 verum,
868 2908 904 2968 ut
925 2910 1089 2989 putamus,
1115 2929 1187 2970 cum

67 3078 74 3084 ,
166 3017 252 3081 ribus
285 3038 343 3100 pro
373 3015 523 3080 Plautino
555 3017 738 3103 fragmento
781 3015 894 3079 habuit
926 3038 1007 3100 quae
1040 3017 1157 3080 subicit
1190 3016 1204 3079 l

165 3134 232 3192 idco
254 3135 298 3191 all
321 3133 466 3191 Plautus:
488 3129 585 3205 ‘apud
603 3133 778 3206 piscarium,
810 3131 867 3192 Vbi
886 3134 991 3191 clerice
1005 3134 1075 3191 res'
1106 3127 1204 3211 Ipsun

166 3238 299 3301 culionis
322 3259 447 3301 versum
470 3260 488 3299 a
511 3234 656 3301 Varrone
688 3237 825 3319 spectari
849 3238 998 3300 Osannus
1028 3235 1190 3302 intellexit

165 3371 196 3432 p.
224 3349 298 3411 186:
322 3347 430 3411 addita
452 3350 558 3410 autem
581 3351 633 3411 ubl
653 3355 758 3411 variae
780 3369 828 3410 res
843 3347 939 3410 verba
954 3345 1109 3410 Varronis
1132 3352 1204 3412 sunl

165 3457 272 3521 Plauti
305 3480 365 3522 nec
397 3459 525 3541 poetae,
561 3456 670 3520 eodem
693 3479 730 3521 ea
752 3458 845 3521 modo
867 3457 975 3520 additu
996 3479 1058 3539 quo
1081 3457 1191 3539 paullo

162 3573 267 3644 sorum
300 3574 467 3633 olitorium:
491 3617 497 3631 .
524 3617 531 3630 .
558 3618 564 3631 .
589 3573 641 3632 ubl
672 3574 785 3631 olerum
819 3573 918 3647 copie.
964 3566 1081 3641 Quodsi
1107 3568 1204 3632 varie«

166 3700 230 3742 uon
263 3679 367 3762 pisces
399 3680 524 3741 tantum
558 3679 592 3742 in
625 3677 762 3762 piscario
794 3677 864 3740 foro
887 3677 1050 3740 venibant..
1096 3677 1204 3751 Quid?

165 3795 285 3852 macelli
312 3788 444 3872 quidem
478 3791 544 3851 tam
578 3788 640 3852 late
663 3788 751 3851 notio
774 3788 889 3870 putuit,
912 3790 949 3850 ut
970 3786 1019 3850 vel
1043 3788 1082 3851 de
1104 3786 1204 3852 olitor

165 3897 268 3961 Varro
300 3905 358 3963 lece
390 3910 456 3962 ernl
488 3904 642 3978 antiquom
675 3905 830 3962 mucellam
857 3897 984 3979 dixerit,
1017 3897 1166 3982 idemque
1200 3922 1204 3983 p

165 4008 362 4091 interpositis
385 4007 464 4072 haec
488 4009 668 4072 continuet:
691 4013 766 4073 laec
789 4015 889 4073 omnia
905 4008 1003 4094 (fors)
1020 4020 1204 4089 posteaqua

165 4129 267 4182 [rocla
290 4125 319 4181 in
343 4141 432 4183 unum
455 4126 553 4183 locum
577 4141 654 4198 quoe
677 4126 719 4182 ud
733 4126 840 4183 siclum
852 4125 1055 4198 pernoctant,
1080 4132 1108 4184 el
1131 4127 1204 4198 aede]

58 4259 60 4262 ⁴
168 4236 260 4306 locus,
286 4235 470 4310 appellatum
493 4235 660 4294 macellum.
