2894 5040
187 101 250 167 384
469 116 707 179 qvnnsnonss
731 114 1038 184 coronariorum.

187 271 427 356 interpretibus.
473 270 542 347 Qua
575 270 660 335 enim
687 269 791 355 figura
818 270 1001 335 adstantem
1022 269 1209 335 Sceledrum
1230 272 1331 357 fingas

187 387 220 447 et
240 383 325 447 fores
347 383 582 466 observantem,
605 403 647 445 ne
675 381 760 446 forte
781 381 1050 446 Philocomasium
1073 381 1245 447 elabatur?
1277 380 1330 447 Ni·

187 493 244 557 hili
267 496 325 576 est,
350 495 433 578 qnod
455 493 581 577 Lipsius
604 493 642 556 de
677 515 769 557 cruce
791 492 839 557 ΙΙΙ
863 516 890 556 c.
913 492 934 555 5
956 497 1094 558 inanibus
1119 505 1193 558 unte
1213 514 1246 558 se
1262 515 1378 574 prox

188 612 272 669 lectis
293 617 322 669 ct
343 612 448 670 leodac
471 611 600 669 didiceris
622 604 711 667 illum
734 604 861 668 stetisse
884 602 1052 688 opinatur,
1081 608 1189 669 liubila
1209 624 1267 683 qno
1285 625 1378 679 sog

187 722 270 780 leant
292 727 452 795 captantes
473 727 502 780 et
525 720 756 795 apprehensuri.
787 714 871 779 Sane
894 715 1022 799 quidem
1045 713 1143 778 felem
1165 716 1378 799 captante}

188 827 236 891 vel
267 826 447 891 carriculum
476 825 724 909 apprehensuri,
753 848 817 889 non
846 824 1066 889 mulierculam
1089 847 1107 889 e
1128 824 1227 889 ianua
1247 825 1378 931 111ιῇἒ

188 959 304 1002 suram.
354 938 467 1022 Itaque
494 937 532 1000 de
568 937 677 1000 furcae
711 957 844 1021 genere,
880 958 960 1020 quae
993 936 1162 1000 serebatur
1193 935 1289 1001 eund
1311 974 1378 1019 *J

188 1070 387 1133 nequaquam
417 1050 539 1130 autom,
573 1046 657 1131 quod
687 1046 839 1129 sciamus,
875 1050 965 1110 extra
997 1050 1126 1130 portam
1158 1030 1378 1145 serebatffif,¹

187 1160 318 1222 ornnino
347 1158 480 1242 cogitari
509 1158 636 1241 nequit,
666 1157 871 1242 cogitandum
900 1161 949 1221 est
976 1157 1016 1221 de
1038 1157 1197 1243 supplicio
1218 1164 1369 1251 erut-33,

187 1291 250 1353 quo
277 1269 330 1353 qui
358 1269 558 1353 perirent,
595 1268 783 1332 excruciari
815 1267 865 1332 vel
895 1268 1102 1333 discruciari
1135 1268 1212 1333 dicti
1241 1278 1360 1356 sunt,

187 1379 262 1463 quia
285 1381 370 1443 eruci
394 1379 612 1464 affigebantur
635 1377 793 1443 bracchiis
818 1400 889 1443 vere
916 1379 1087 1463 dispansis.
1134 1381 1184 1444 Ao
1202 1400 1355 1464 prorsus

188 1495 447 1574 utroqueversum
474 1490 613 1553 extentis
646 1489 804 1553 bracchiis
834 1493 1085 1554 consentaneum
1109 1495 1158 1554 est
1189 1488 1346 1554 mulieris

188 1601 350 1665 custodem
371 1601 554 1666 Sceledrum
577 1600 714 1664 aralstore.
758 1602 849 1665 luter
872 1622 996 1665 crucem
1020 1606 1129 1665 autem
1152 1603 1186 1665 et
1205 1598 1336 1685 patibu-

187 1713 253 1775 lum
277 1712 352 1796 quid
368 1712 531 1776 societatis
557 1711 786 1796 intercesserit,
809 1713 879 1797 ipse
895 1712 1021 1796 Lipsius
1047 1711 1189 1796 explicat
1212 1732 1281 1794 cap.
1298 1706 1328 1769 3·

166 1823 291 1897 auare
316 1824 375 1886 hae
398 1824 430 1885 in
455 1826 545 1906 parte
568 1823 663 1886 etiarn
681 1822 880 1887 Beckeriana
904 1822 1046 1906 corrigas
1069 1822 1156 1887 Galli
1178 1822 1193 1886 l
1214 1844 1243 1906 p.
1269 1814 1322 1882 131

187 1934 332 2017 exposita
357 1933 516 2020 [correcta
544 1933 578 1996 in
608 1932 656 1996 cd.
686 1934 783 1997 tertia
809 1937 834 1998 t.
859 1934 889 1998 ll
913 1957 944 2017 p.
971 1933 1046 1997 149:
1070 1933 1200 2016 quicum
1221 1926 1325 1996 confer

186 2043 409 2107 Euchiridium
431 2045 531 2126 antiq.
549 2042 641 2107 ltom.
658 2048 682 2108 t.
706 2044 768 2128 Ip.
785 2044 875 2128 555]Ι
905 2043 1004 2107 Recte
1027 2043 1201 2126 intellexit,
1222 2060 1317 2127 quan-

187 2176 282 2237 quam
310 2176 376 2217 non
406 2154 573 2238 explicatis
602 2155 794 2239 rationibus,
826 2155 1033 2221 Camsubonus
1054 2154 1089 2218 in
1118 2150 1316 2238 Theophrasti

189 2264 281 2329 Char.
309 2266 357 2349 14,
381 2266 412 2328 4.

270 2376 333 2440 Ter
360 2376 461 2461 igitur
484 2376 616 2441 Plautus
644 2388 735 2442 entra
757 2388 881 2458 portam
911 2375 993 2440 dixit
1014 2356 1218 2461 simpliciter,
1240 2396 1327 2462 quen

188 2487 376 2552 admodum
400 2511 459 2551 nos
482 2510 605 2572 quoqne
627 2495 708 2553 vor's
732 2492 823 2567 Thur,
849 2489 942 2553 aor'm
968 2490 1059 2571 Ther,
1084 2488 1275 2553 etiamnum
1294 2487 1331 2553 de

151 2601 274 2660 xeerta
303 2599 388 2660 urbis
417 2602 509 2682 porta
539 2599 727 2683 cogitamus.
773 2599 884 2663 Potest
909 2597 963 2662 ille
991 2599 1094 2682 ipsam
1129 2598 1334 2684 Esquilinam
1376 2638 1378 2647 ·

187 2707 400 2790 significasse:
430 2713 549 2772 aarum
573 2714 622 2772 est
643 2711 774 2773 omnino
802 2713 892 2773 extra
918 2709 1028 2772 urbcrn
1052 2709 1148 2773 solita
1171 2732 1244 2776 esse
1266 2733 1338 2797 snp-

187 2817 283 2900 plicia
316 2820 401 2902 lieri,
438 2820 593 2884 cadavera
627 2821 784 2902 comburi,
819 2821 962 2903 humori,
996 2820 1219 2886 maleficorum
1242 2822 1341 2889 etiam

187 2929 285 3011 proici
310 2933 447 3014 tantum,
471 2931 546 2994 itam
566 2933 724 2995 eonnnuni
741 2936 883 2994 veterum
906 2954 993 2996 more
1015 2935 1107 2995 extro
1130 2933 1250 2998 urbem
1273 2956 1341 2999 aar·

188 3040 297 3103 nifices
320 3040 492 3105 liabitassc.
538 3041 607 3105 Neo
629 3042 765 3105 multum
784 3042 1029 3105 Atheniensium
1052 3063 1131 3105 usus
1154 3042 1343 3111 differebat

187 3150 268 3213 Vide
291 3151 329 3215 de
352 3153 488 3237 singulis
504 3156 632 3235 praeter
647 3153 790 3236 Lipsium
808 3151 940 3216 Beckeri
964 3152 1145 3216 Chariclem
1169 3153 1205 3217 ll
1231 3178 1265 3240 p.
1284 3156 1345 3221 188

187 3285 254 3346 sqq.
279 3264 339 3327 201
368 3285 414 3346 sq.
447 3261 503 3349 [lll
535 3287 565 3347 p.
599 3264 658 3326 104
684 3285 753 3347 sqq.
778 3263 826 3326 ed.
858 3262 926 3350 alt]
959 3267 991 3326 ct
1018 3262 1054 3327 O.
1083 3262 1118 3327 F.
1153 3262 1346 3333 Hermanni

188 3373 299 3456 Antiq.
335 3395 440 3457 graec.
474 3374 532 3437 vol..
566 3374 576 3437 l
612 3378 632 3454 ξ
664 3375 739 3455 144,
770 3378 789 3437 8
826 3375 884 3461 [lll
914 3396 946 3457 p.
976 3374 1038 3438 205
1070 3374 1169 3462 sqqq.
1227 3378 1347 3443 Falsis·

188 3483 302 3547 sinrum
326 3488 374 3546 est
407 3486 512 3546 antam
541 3485 623 3568 quad
652 3509 669 3546 o
697 3485 845 3549 Pseuduli
875 3506 965 3549 versu
994 3483 1211 3550 Furlanettns
1242 3510 1348 3574 nuper

188 3593 296 3658 docuit
337 3601 436 3657 landos·
478 3595 579 3658 latine
620 3596 705 3679 ipsos
746 3618 815 3661 csso
852 3597 1017 3660 carnifices
1054 3596 1173 3661 dictos.
1226 3599 1348 3688 Larnps

189 3726 259 3766 anm
282 3704 457 3768 l‘sendulns
481 3706 568 3788 dicit,
593 3706 671 3772 ‹liait
692 3709 796 3772 lanios
819 3708 850 3772 h.
875 3730 902 3771 e.
927 3706 1140 3791 nracellarios,
1166 3710 1228 3774 sed
1251 3710 1378 3776 intel·-

188 3812 268 3897 lcgit
284 3817 460 3898 munifices,
480 3817 510 3878 in
529 3839 628 3899 caque
645 3817 714 3898 ipsa
731 3818 969 3900 cornparatione
985 3818 1073 3900 lepos
1085 3820 1199 3884 omnis
1215 3821 1347 3887 illorum

190 3945 333 3987 versuum
359 3927 564 4010 conspicitur.
