2850 5032
182 268 246 332 422
310 285 356 330 DE
380 282 595 331 ARGVMENTO
619 280 839 332 Acssosrwno
863 280 998 330 MILITIS
1021 279 1204 330 suentem.

105 414 107 419 ¹
183 432 268 520 mus,
298 458 360 522 quo
388 436 484 501 latius
512 435 568 500 illa
596 436 667 520 ipsa
690 434 841 520 analogia
869 455 927 519 per
949 434 1179 518 antiquitatem
1201 433 1329 520 linguae

185 551 288 632 patet:
326 548 410 632 quod
437 569 540 632 genus
569 546 631 610 elio
660 567 763 630 nuper
791 544 936 630 exemplo
965 544 1199 609 illustravimus
1229 544 1331 610 Musei

187 657 335 723 Rhenani
368 661 391 721 t.
415 656 511 721 XXII
543 681 574 741 p.
599 657 671 721 607.
695 657 769 721 613.
814 655 902 731 Quae
931 677 1003 720 cum
1028 655 1074 719 ite
1097 656 1184 739 sint,
1221 655 1332 740 quidni

186 768 363 855 simplicem
390 775 420 832 ei
445 768 636 850 scripturam
669 767 755 852 apud
782 766 933 831 Plautum
967 787 1144 849 servemus,
1179 765 1219 830 in'
1245 767 1333 831 euius

188 879 349 944 codicibus
372 877 505 944 alicuius
528 884 569 942 eii
582 877 704 942 formae
719 899 761 941 ne
775 877 1000 942 tenuissimum
1014 877 1144 962 quidem
1158 876 1335 962 vestigium

144 964 147 970 Ι
187 989 313 1054 exstet?
334 1028 376 1036 —
403 988 604 1073 Quamquam
633 987 831 1052 consimilem
854 1003 975 1066 Qvoffll
997 987 1136 1051 formam
1162 988 1336 1052 fatendum

187 1104 236 1165 est
257 1121 335 1166 sane
358 1099 455 1163 aliam
476 1099 778 1183 interpretationem
799 1120 866 1163 non
887 1099 1058 1198 admittere
1079 1098 1145 1163 nisi
1167 1103 1204 1163 ut
1226 1099 1337 1163 valeat

187 1233 299 1291 questa.

129 1333 167 1385 llll
272 1209 424 1403 Siiperest
437 1323 482 1403 ut,
506 1323 677 1406 postquam
696 1320 858 1406 permensi
873 1343 981 1386 sumus
1003 1320 1235 1406 praestitutum
1253 1342 1337 1386 cam·

187 1453 280 1515 pum,
304 1453 462 1496 summam
489 1451 701 1517 eorumquae
729 1431 873 1496 videmur
895 1432 1094 1517 explorasse,
1123 1433 1171 1497 sie
1192 1432 1339 1497 breviter

190 1542 512 1625 comprehendamus:
626 1556 630 1563 ’

294 1684 482 1742 Meretricem
503 1683 631 1742 Athenis
653 1667 808 1759 Ephesum
829 1685 917 1745 miles
939 1685 1050 1744 evehit.

294 1768 330 1827 Id
354 1769 497 1829 demere
521 1769 635 1826 amanti
657 1770 758 1828 serves
780 1769 920 1828 nuntiere
943 1770 1009 1848 volt

295 1854 411 1929 Legeto
433 1873 566 1930 peregre,
591 1855 711 1928 ceptust
733 1854 817 1928 ipsus
839 1857 872 1912 tn
894 1854 969 1913 mari

295 1939 336 1996 Et
359 1939 455 1996 eidem
477 1939 522 1996 illi
544 1939 635 1997 militi
657 1939 736 1997 done
759 1939 872 1998 datust.

232 2028 247 2076 5
296 2023 391 2080 Suum
413 2023 536 2083 arcessit
557 2043 659 2083 serves
682 2024 836 2082 deminum
857 2024 985 2083 Athenis
1008 2027 1039 2082 et
1061 2022 1142 2083 forat

296 2105 429 2166 Geminis
452 2127 639 2166 communem
661 2112 735 2167 scite
757 2109 903 2184 parietem
926 2109 1065 2182 aedibuS,

296 2191 413 2249 Liceret
434 2194 469 2249 ut
491 2193 567 2251 olam
589 2193 746 2251 cenvenire
768 2195 948 2254 amentibus.

298 2275 447 2335 Oberrans
470 2280 571 2337 eustos
593 2277 647 2336 hes
670 2278 754 2337 videt
777 2280 814 2337 de
834 2280 962 2356 tegulis,

296 2360 444 2421 Ridiculis
466 2363 575 2434 autem,
600 2363 687 2438 qutsi
709 2363 749 2422 sit
771 2357 844 2436 alia,
867 2364 993 2423 luditur.

228 2450 268 2527 10,
302 2445 440 2520 Itemque
460 2446 590 2521 impellit
610 2447 739 2505 militem
759 2448 941 2524 Palaestrio,

297 2530 446 2590 Omissam
469 2530 561 2590 faciat
583 2531 788 2605 oeneubinam,
814 2535 934 2609 quendo
958 2536 985 2593 ei

216 2610 219 2621 '
298 2617 384 2675 Senis
407 2617 497 2675 vieini
520 2617 622 2690 celriat
646 2637 720 2676 uxor
741 2619 863 2677 nebere.

297 2701 386 2759 Vltro
409 2702 498 2759 ebest
520 2704 595 2776 orat,
619 2703 712 2761 denat
734 2704 839 2762 multe.
861 2705 926 2779 ipse
949 2708 982 2762 in
1004 2704 1093 2763 domo

300 2785 387 2843 Senis
410 2787 573 2860 prehensus
595 2791 709 2862 poenes
731 2807 786 2863 pro
809 2789 931 2848 moeehe
954 2789 1021 2847 luit.
