2894 5040
169 109 232 174 408
462 123 527 182 ,on
549 121 765 170 anovnnnro
790 119 1011 170 ucaosmcno

171 280 221 342 Ac
254 279 292 342 de
325 285 438 358 efferet
471 298 548 340 voce
575 298 616 340 ne
645 276 776 339 verbum
804 275 933 359 quidem
961 273 1031 338 ille:
1064 296 1160 359 quam
1189 296 1264 340 sane
1283 300 1360 343 ι
1379 310 1444 368 Ε,

172 411 283 474 margo
316 387 445 452 Etrusci
476 387 579 450 nostri
612 389 702 450 tenet
734 389 767 449 et
800 385 932 450 minime
966 406 1000 449 se
1022 385 1131 450 videre
1154 384 1439 477 &Villi—”us

172 501 297 565 dixerat
320 522 376 562 cur
399 501 520 562 veteres
543 520 609 560 non
632 519 731 581 aeque
754 519 791 560 ac
810 500 980 576 perforare
1001 500 1147 574 inforare
1168 519 1436 586 usurpa-„n-e

173 610 360 696 potuissent.
391 608 550 672 Nimirum
573 607 634 671 liae
654 608 779 672 rationo
794 606 892 671 etiem
907 607 1053 672 inaudita
1068 615 1187 688 afforet
1200 608 1435 695 foQffl

174 720 392 805 patrocinere‚
422 741 517 801 quam
546 741 563 781 e
591 718 747 802 principis
775 718 925 782 editionis
952 739 1146 801 suorumque
1179 718 1433 805 00ch

174 831 332 915 scriptura
354 837 471 911 afferat
485 827 622 912 Pylades
645 828 760 912 effecit,
784 828 835 921 vel
858 828 985 913 (quidni
1001 827 1126 911 eniml)
1143 832 1273 906 confore
1341 866 1426 926 re,

114 975 115 978 ¹
175 946 322 1020 delerare
343 941 449 1024 fingas
472 940 630 1002 arbitratu
653 942 717 1002 tuo.
747 938 947 1022 Quamquam
968 942 1005 1002 ut
1019 960 1131 1004 verum
1152 938 1273 1002 fatearn
1309 928 1422 1040 111¹,

176 1055 281 1117 exstat
303 1073 402 1114 unum
417 1050 507 1113 verbi
529 1049 615 1113 illius
632 1050 799 1134 compositi
815 1049 996 1134 exemplum
1011 1049 1096 1134 apud
1112 1048 1268 1114 Columell
1294 1082 1381 1125 aa
1390 1086 1417 1131 m

175 1163 232 1246 IX,
259 1164 287 1244 1,
311 1163 347 1226 3:
370 1168 432 1225 siae
454 1172 531 1224 teres
544 1165 673 1225 -urborz's
695 1174 821 1226 truncus
834 1168 896 1225 sive
918 1209 926 1225 .
952 1210 959 1224 .
984 1210 991 1224 .
1013 1167 1116 1237 fissilis
1137 1168 1229 1241 stipes
1243 1182 1413 1237 con.

171 1280 312 1355 pluribus
333 1279 408 1336 locis
427 1292 484 1349 per
499 1278 580 1335 Iuliis
594 1279 757 1353 efferatur.
787 1270 849 1336 Sed
865 1271 939 1354 quid
955 1293 992 1336 eo
1008 1293 1088 1355 opus
1112 1273 1162 1335 est
1181 1272 1287 1336 omni
1298 1299 1406 1364 no,

175 1384 302 1469 quando
334 1380 417 1446 nihil
449 1381 634 1446 offensionis
667 1382 802 1466 simplex
826 1386 917 1459 sora!
943 1383 1048 1446 forma
1076 1381 1198 1445 habet?
1228 1404 1401 1468 quam

152 1496 240 1560 ‘iam
255 1492 452 1567 ,Saracenas
492 1493 737 1556 commendabat
777 1497 904 1576 practer
936 1496 1084 1573 perforat
1121 1492 1393 1577 scripturam.

176 1605 261 1670 Nam
284 1607 316 1668 et
334 1608 490 1683 plumbeos
517 1610 643 1687 cereales
671 1625 691 1665 a
718 1609 863 1667 lateribus
887 1625 947 1683 per
967 1610 1068 1683 spatie
1089 1610 1243 1683 perimaris
1274 1618 1390 1668 ne

178 1723 254 1781 dicis
272 1719 380 1792 forari
401 1721 483 1777 cauis
504 1714 588 1777 idem
611 1713 665 1777 illc
688 1712 862 1778 Columella
883 1712 974 1795 VIII,
998 1715 1029 1796 3,
1053 1714 1073 1777 9
1095 1714 1200 1797 iussit,
1223 1716 1256 1777 et
1276 1704 1385 1791 sd

177 1839 249 1890 ruta
281 1846 398 1890 coruum
432 1824 513 1888 dixit
534 1824 614 1906 Vll,
638 1826 673 1906 3,
703 1825 739 1906 6,
761 1831 898 1904 perileus
921 1827 1047 1901 [oratos
1069 1823 1167 1907 VIII,
1203 1823 1260 1906 12,
1358 1802 1387 1873 4’

178 1941 274 2020 atque
308 1935 386 1999 adeo
416 1939 570 2011 [oratos
601 1943 772 2016 parietes
794 1934 889 2009 VIII,
913 1936 949 2017 3,
985 1935 1020 2017 7,
1051 1955 1118 1998 non
1137 1919 1392 2015 persoruffl‘

179 2045 305 2131 qualem
328 2045 483 2128 parietem
505 2047 540 2110 in
556 2045 670 2109 Militis
693 2048 884 2130 argumento
900 2044 1079 2110 Saracenos
1102 2048 1136 2109 et
1152 2018 1402 2113 hamund18
1434 2034 1439 2043 ⁵

179 2157 372 2240 expetebant
405 2158 437 2218 et
470 2159 545 2219 ante
579 2178 631 2220 eos
659 2157 702 2237 is,
732 2156 786 2239 qui
815 2155 849 2219 in
877 2155 1024 2240 margine
1053 2155 1184 2220 Etrusci
1211 2120 1420 2267 codicdsso

179 2270 309 2352 praeter
331 2273 445 2346 efferet
466 2266 574 2350 posuit
597 2268 693 2331 etiam
714 2271 873 2346 perforet:
907 2266 992 2331 unde
1015 2267 1054 2331 de
1076 2273 1182 2332 codice
1203 2230 1405 2346 errtiqr⁴⁵¹
1417 2334 1428 2374 ι

179 2378 320 2441 iudicare
343 2377 429 2459 licet,
455 2377 489 2440 in
511 2399 573 2461 quo
595 2378 681 2440 idem
703 2376 768 2462 legi
784 2376 860 2441 Pius
882 2380 1031 2441 testatur.
1063 2376 1200 2462 Decepit
1221 2336 1434 2484 αιιῒειιβῗθ

180 2491 308 2573 praeter
331 2486 483 2550 Bothimn
505 2509 615 2551 ornnes
639 2487 780 2572 Scioppii
803 2489 841 2551 de
864 2491 999 2572 utroque
1022 2486 1200 2553 Camerarii
1222 2464 1388 2552 eodico‘

181 2598 329 2661 Palatino
361 2597 497 2660 mendax
531 2598 765 2662 testimonium:
803 2620 867 2662 non
904 2599 1007 2683 magis
1042 2599 1130 2662 enim
1161 2597 1209 2662 illi
1234 2555 1436 2697 (ῃιιιιιιρίι,0

182 2709 262 2771 alius
286 2708 366 2771 liber
388 2707 471 2770 ullus
494 2709 733 2792 habenturque,
757 2710 812 2772 sed
827 2709 1013 2793 planissime
1029 2712 1196 2772 exaratum
1214 2668 1438 2772 atnennw⁴⁴⁵

181 2831 210 2882 el
228 2823 329 2900 sorel,
353 2818 436 2901 quod
459 2831 487 2882 ee
506 2822 594 2896 serat
616 2820 771 2903 scriptum
794 2820 828 2882 iu
843 2819 980 2883 Etrusco
1002 2819 1135 2883 transiit
1158 2818 1272 2882 deinde
1292 2782 1436 2882 inb'n

182 2929 214 2993 id
222 2979 230 3012 ,
260 2929 344 3013 quod
373 2951 444 2992 cum
473 2928 632 3013 lipsiensi
660 2929 919 2993 Vindoboncnsis
948 2932 1054 3010 tenet,
1089 2935 1212 3008 efferat.
1263 2927 1325 2992 Nec
1345 2894 1435 3065 ἲ

1366 3035 1433 3073 ,s'

183 3040 261 3103 satis
289 3062 357 3103 esse
387 3062 516 3104 caussae
539 3041 680 3123 videtur,
712 3063 767 3104 cur
788 3064 854 3104 non
882 3041 1024 3123 potuisse
1048 3038 1139 3120 addi,
1168 3061 1233 3123 qua
1254 3061 1327 3103 sene
1390 3120 1430 3179 9

184 3172 347 3215 careamus·
380 3150 449 3213 sinc
477 3151 641 3235 molestia,
675 3164 704 3214 et
736 3151 894 3234 particula
930 3153 1078 3234 putetur:
1113 3172 1177 3232 qua
1206 3150 1329 3234 quidem

183 3261 283 3325 multo
306 3261 403 3327 etiam
425 3261 589 3325 molestius
605 3262 682 3326 alibi
699 3286 773 3326 usus
796 3252 972 3325 est‘horum
986 3259 1018 3322 h.
1036 3281 1063 3323 e.
1080 3259 1332 3325 acrostichorum

184 3372 321 3455 scriptor
354 3377 632 3457 argumentorum,
666 3376 702 3436 ut
731 3375 821 3456 Capi.
846 3373 865 3447 8
893 3383 927 3435 et
954 3379 978 3434 is
1007 3377 1134 3434 reducit
1156 3384 1283 3451 captum
1306 3384 1333 3436 el

181 3487 342 3562 supitiuom
370 3491 474 3547 simul:
508 3484 593 3546 Men.
623 3485 644 3548 5
677 3498 711 3547 et
738 3491 762 3547 is
789 3504 976 3561 perezianam,
1002 3492 1168 3561 postquam
1192 3488 1333 3561 adoleuit,

185 3600 347 3671 quaeritat.
393 3593 507 3656 Omitti
530 3616 567 3656 ea
592 3593 752 3677 particula
775 3593 870 3655 etiam
894 3595 985 3676 Uapt.
1010 3592 1031 3656 5
1053 3594 1223 3675 potuerat:
1244 3607 1337 3675 pater

185 3694 322 3782 captivos
343 3714 562 3767 commereatur
585 3711 675 3779 Alios,
701 3714 817 3767 lenitum
839 3710 962 3767 studens
984 3714 1016 3766 ut
1043 3713 1150 3766 nalum
1177 3718 1339 3786 recuperet

185 3835 287 3876 siticen:
314 3826 348 3874 et
370 3820 399 3875 ia
423 3818 487 3876 ibus
509 3821 578 3877 crau
601 3820 670 3877 olim
693 3822 831 3877 eruissem
851 3821 963 3890 filium:
994 3811 1035 3875 cf.
1060 3833 1188 3896 argum.
1214 3813 1286 3879 Mil.
1308 3818 1338 3879 4.

187 3922 281 3985 Most.
306 3924 335 3986 ’”).
361 3922 458 3985 I'oen.
483 3925 513 3986 3.
538 3923 631 3986 Truc.
657 3925 686 3987 7.
732 3922 853 3998 Quibus
882 3923 1035 4005 exemplis
1064 3922 1220 3988 omnibus
1243 3948 1340 4012 nego

186 4033 267 4094 tium
295 4033 443 4116 scriptori
472 4034 635 4097 facessivit
661 4056 810 4097 versuum
838 4034 878 4096 ab
908 4039 936 4096 Ε
966 4033 1075 4095 littera
1109 4033 1342 4101 ordiendormn

187 4142 375 4207 necessitas:
405 4146 500 4227 atque
527 4143 623 4228 longe
651 4144 685 4207 in
714 4143 774 4207 hoe
798 4165 915 4226 genere
938 4142 1120 4227 elegantius
1144 4152 1343 4229 argumenta
