2894 5040
153 120 217 185 250
444 178 447 184 .
493 135 717 185 oaossmuvu
740 137 954 185 euavmuvu.

154 294 279 355 exstare
312 291 378 355 sive
412 298 517 356 amuolo
551 291 617 355 sive
648 297 763 357 aeuallc
791 312 851 354 nea
874 291 1087 356 demonstrari
1109 295 1220 377 potest
1240 314 1303 359 neo

153 405 266 486 suapte
301 404 416 466 natura
448 401 515 465 veri
550 401 654 465 simile
690 404 748 466 est.
812 400 854 464 Vt
885 423 951 465 uon
985 401 1065 466 mihi
1103 406 1305 486 persuaserit

154 513 331 576 Guilelmus
357 511 540 596 Wagnerus
553 512 740 575 Aululariue
762 510 1123 597 editorlCantabrigiae
1144 535 1175 577 a.
1204 514 1304 602 1866)

153 623 187 687 in
200 622 244 705 ll,
259 623 291 706 4,
317 623 334 686 l
350 622 492 707 probans
505 621 644 687 Goelleri
667 623 833 686 inventum
848 627 905 687 Pol
925 623 953 687 si
972 629 1039 702 qais
1060 629 1149 688 uellet
1170 635 1210 703 le,
1227 627 1306 691 laod!

152 740 281 799 novellas
313 734 424 797 dabidi:
454 731 509 796 ubi
543 733 604 797 etsi
636 732 768 797 minime
800 733 907 817 placet
939 733 1023 816 quod
1055 736 1105 797 est
1125 733 1162 797 in
1186 734 1303 801 codici·

154 845 214 907 bus
237 848 323 907 baad
343 863 403 907 aon
425 849 531 921 uelles,
557 847 666 908 tamen
689 865 782 926 quem
811 843 1001 908 admodum
1023 842 1163 909 casinae
1184 843 1248 929 ΠΙ,
1271 846 1305 929 5,

153 953 195 1019 59
229 952 341 1037 (supra
363 956 383 1034 ξ
409 953 461 1038 16)
495 959 631 1018 nolebam
665 953 796 1018 transiit
827 953 862 1017 in
893 958 1027 1018 uolebam
1059 973 1137 1037 uon,
1172 954 1221 1019 ita
1251 955 1307 1021 hie

153 1063 262 1128 nescio
295 1085 337 1128 an
359 1067 500 1146 praestet
521 1070 594 1129 Post
614 1066 729 1143 siquis
750 1072 836 1129 uellet
857 1066 921 1135 le'd,
955 1069 1042 1128 baud
1060 1070 1157 1129 ualles
1190 1066 1306 1131 diuidi:

153 1173 249 1257 plane
272 1176 309 1237 ut
330 1177 379 1238 est
400 1173 580 1265 Triniimmi
602 1173 643 1256 V,
667 1175 698 1256 2,
721 1174 763 1238 33
787 1175 889 1256 (1157)
913 1179 1001 1239 immo
1023 1178 1110 1237 laud
1129 1181 1214 1240 nolo.

238 1283 280 1348 29
297 1291 569 1364 patasilluta'm:
606 1283 735 1367 Epidici
757 1283 800 1366 ΙΙ,
824 1284 855 1367 2,
879 1284 931 1366 63,
955 1305 1034 1368 quos
1055 1305 1169 1349 versus
1194 1285 1307 1351 multi·

154 1393 256 1459 modis
279 1395 426 1478 affectos,
455 1417 494 1458 ex
516 1398 608 1478 parte
630 1395 695 1458 iam
716 1394 843 1480 Proleg.
867 1416 899 1478 p.
924 1393 1110 1458 LXXXVII
1132 1398 1303 1480 tractatos,

153 1504 234 1570 duce
257 1506 471 1570 Ambrosiano
495 1505 603 1570 codice
625 1506 672 1569 sio
692 1504 760 1569 fere
783 1505 952 1569 emendare
974 1504 1100 1570 licebit:

240 1672 357 1743 ‘Quam
380 1673 466 1732 facile
489 1676 520 1731 ct
543 1693 632 1748 quam
655 1672 808 1730 fdrtunate
830 1671 930 1732 cubuit
952 1671 1006 1744 illi,
1028 1675 1060 1730 te
1082 1671 1219 1746 6bsocm,

237 1759 366 1831 Mulieri,
390 1777 480 1833 quam
502 1758 629 1816 liberare
650 1757 715 1817 vtlt
737 1758 880 1816 amator.'
904 1755 1060 1832 ‘quisnam
1083 1756 1109 1816 is
1132 1758 1219 1817 estP’

238 1836 353 1919 'Inquit
377 1844 472 1901 altera
493 1843 548 1900 illi.
571 1843 614 1901 ibi
636 1843 689 1900 illa
710 1842 847 1901 ndminat
869 1842 1128 1916 Strathlppoclem

238 1928 420 2003 Periphanai
442 1927 550 1986 fllium.
573 1927 630 1995 Pa.
653 1927 751 1985 hercle
773 1928 866 2002 perii:
896 1927 969 2002 quid
992 1944 1048 2002 ego
1072 1946 1107 1984 ex
1130 1929 1163 1986 te
1187 1926 1300 1989 audio?

176 2013 234 2070 ΕΡ.
244 2012 310 2071 Hbc
332 2013 414 2087 quod
437 2014 576 2071 actumst.
601 2015 720 2089 bgomet
742 2016 905 2087 postquam
932 2011 963 2068 id
986 2011 1055 2069 illas
1079 2012 1185 2071 audivi
1207 2013 1297 2091 loqui,

240 2095 333 2171 Coepi
354 2117 474 2154 rursum
496 2098 617 2156 vdrsum
640 2097 678 2155 ad
700 2097 767 2155 illas
791 2096 976 2172 pausillatim
999 2095 1149 2169 accedero,

241 2180 333 2251 Quasi
353 2182 522 2240 retrudertt
543 2182 611 2240 mod
633 2182 789 2240 hominum
810 2185 856 2241 vls
872 2181 1011 2239 invitum.
1034 2180 1092 2239 Pa.
1114 2180 1298 2261 inttllego.‘)

155 2337 325 2402 Emollitas
358 2337 481 2401 adscita
502 2361 517 2402 s
538 2338 647 2402 littera
673 2338 793 2402 formas
817 2322 978 2420 (similiter
1000 2339 1097 2420 atque
1117 2338 1156 2402 in
1176 2344 1303 2405 sescenti

157 2447 291 2532 aliisque
313 2446 396 2512 Mus.
420 2446 525 2511 Rhen.
549 2447 580 2512 X
601 2470 633 2531 p.
657 2449 721 2513 455
750 2447 949 2531 disceptatis)
972 2447 1047 2513 libri
1068 2448 1214 2513 Plautini
1237 2470 1300 2514 non

156 2579 230 2623 raro
253 2560 437 2622 servarunt:
458 2565 622 2639 pausillum
646 2558 709 2640 (vel
728 2565 927 2638 pausillulum
949 2560 1074 2643 potius,
1099 2561 1136 2622 ut
1155 2558 1236 2624 mihi
1258 2560 1301 2625 vi·

42 2722 45 2729 .
157 2691 228 2733 sum
261 2671 322 2750 est)
355 2666 474 2732 Bacch.
509 2667 567 2751 IV,
602 2670 632 2751 l,
666 2669 708 2732 35
731 2669 835 2752 (833),
869 2675 1001 2747 pausillo
1023 2668 1119 2733 Most.
1143 2668 1204 2753 IV,
1231 2669 1302 2754 1,8

157 2779 257 2861 (865),
292 2777 394 2844 Stichi
427 2778 453 2861 Ι,
486 2779 517 2860 3,
551 2778 590 2841 21
625 2779 724 2861 (175),
755 2785 952 2859 pausillulum
985 2778 1069 2844 Rud.
1093 2778 1160 2862 ΙΠ,
1195 2780 1228 2862 4,
1261 2780 1304 2845 24

157 2889 257 2972 (129),
282 2888 383 2955 Stichi
405 2888 432 2971 Ι,
456 2889 487 2970 3,
512 2890 531 2952 9
554 2888 653 2970 (163),
678 2888 771 2953 True.
796 2889 836 2972 V,
860 2888 912 2969 48,
932 2895 1131 2969 pausillispcr
1146 2889 1245 2955 Truc.
1260 2888 1304 2973 V,

157 3001 207 3064 21.
232 2998 353 3065 Ceteris
376 2999 539 3083 exemplis²
554 3001 590 3061 ¹si
613 3003 698 3063 reete
721 2999 887 3063 numeravi
909 2998 1067 3082 undecim,
1092 2999 1128 3063 in
1150 2997 1204 3063 his
1223 3022 1303 3082 pau-

30 3144 37 3149 ·
155 3117 287 3175 xlllallm
310 3109 393 3174 Rud.
428 3110 487 3191 IV,
522 3109 553 3192 2,
578 3109 620 3172 24
642 3109 742 3192 (929),
777 3109 931 3174 usitatam
963 3132 987 3174 x
1009 3108 1153 3174 litteram
1185 3110 1306 3177 substi-

156 3223 289 3286 tuerunt
309 3220 443 3284 librarii.

225 3485 250 3551 *)
278 3482 540 3538 Distribuendorum
558 3501 700 3544 versuum,
728 3499 798 3552 quos
822 3483 902 3537 valde
926 3483 1054 3537 turbatos
1071 3482 1161 3538 Vetus
1180 3486 1311 3555 exhibet,

157 3592 284 3632 nonnam
306 3577 438 3647 praebuit
459 3577 664 3631 Ambrosianus.
706 3576 738 3630 V.
760 3584 771 3630 1
797 3585 823 3634 lc
846 3575 941 3630 addidi
987 3575 1053 3629 V.2
1077 3577 1201 3635 Mulieri
1223 3599 1312 3650 quam

157 3673 281 3728 liberare
301 3673 359 3727 aoll
375 3671 471 3723 Ambr.
491 3674 605 3727 mulieri
621 3672 744 3727 liberare
764 3669 822 3735 (sed
840 3686 903 3723 eam
920 3685 1018 3723 vocem
1035 3686 1072 3723 m.
1090 3687 1146 3728 seo.
1165 3671 1312 3743 additam)

160 3766 249 3832 (luam
268 3765 329 3822 uull
346 3763 433 3817 Vetus
467 3763 499 3818 V.
519 3771 535 3818 3
554 3765 602 3819 illa
620 3763 726 3828 Ambr„
745 3778 798 3816 om.
818 3762 906 3817 Vetus
953 3763 1188 3831 slrallaippoalcm
1208 3764 1311 3823 Ambr.

159 3860 363 3928 slrulippocleu
376 3856 464 3911 Vetus
525 3856 558 3910 V.
573 3863 589 3910 4
605 3857 743 3926 Pcrifoai
760 3856 854 3909 Ambr.
874 3857 1051 3924 peripaonae
1075 3855 1165 3910 Vetus
1231 3864 1315 3972 peda-1⁸2·

159 3980 255 4034 hercle
267 3978 384 4044 uterque
436 3975 468 4030 V.
483 3982 499 4030 5
511 3979 585 4045 quod
596 3985 690 4033 uelum
702 3984 745 4033 csl
757 3975 854 4029 Ambr.
874 3982 1022 4043 quooclum
1034 3973 1124 4028 Vetus
1135 3992 1192 4045 pr„
1205 3998 1314 4049 quom>

160 4079 281 4127 lumsec.
334 4078 482 4138 postquam
500 4073 530 4125 id
547 4071 642 4123 Ambr.
660 4077 725 4137 pasl
743 4071 781 4125 lli
798 4067 883 4122 Vetus
935 4066 997 4120 Vt
1016 4085 1135 4125 uersum
1152 4068 1257 4127 Ambr.

159 4163 333 4233 pausillolim
352 4162 446 4216 Amba.
465 4165 647 4233 puuaa'llullm
666 4160 753 4215 Vetus
822 4161 854 4214 V.
874 4167 891 4226 7
909 4161 1051 4218 latalaum
1070 4178 1114 4218 mo
1132 4161 1259 4233 uterque
