2850 5032
211 286 275 353 252
555 272 778 354 ouossainvu
800 304 1014 353 Puavmuvn.

164 440 173 457 ’
296 459 342 524 In
363 458 646 524 Menaechmis.
690 460 730 523 31
754 465 927 537 loupulc:
949 457 1037 522 Men.
1060 457 1142 543 prol.
1158 456 1201 521 64
1222 462 1262 522 ab
1284 461 1362 521 urbe

211 576 274 635 bau
295 573 431 649 la'upule:
455 569 603 634 similiter
624 573 721 655 atque
736 569 820 634 Rud.
837 568 864 651 I,
880 568 911 652 5,
928 568 948 633 8
971 567 1060 652 (266)
1075 567 1165 632 ‘Ilico
1186 572 1260 632 binc
1281 568 1361 631 1111111

211 686 274 745 bau
295 683 416 759 lo'upulc
437 701 478 745 cc
499 684 556 746 lio'c
577 688 663 759 loco,
688 681 739 744 vel
760 680 844 744 Ter..
857 679 957 743 Haut.
981 677 1029 761 ΙΙ,
1053 678 1084 759 2,
1110 677 1150 742 10
1171 677 1264 763 (239)
1286 682 1360 743 binc

211 797 341 871 loupulc.
387 791 418 855 A
440 791 588 876 qualibus
610 790 773 876 profectus
797 794 846 855 est
867 788 1057 874 Appuleius.

296 900 337 966 32
360 909 578 967 assulatim:
600 901 688 966 Men.
712 901 753 985 V,
770 902 800 984 2,
828 901 888 965 106
911 899 1002 986 (859)
1025 920 1123 964 versu
1141 898 1358 983 impeditiore,

213 1011 302 1075 cuius
325 1012 516 1077 emendandi
545 1013 571 1076 si
594 1013 688 1077 modo
721 1011 920 1097 probabilem
947 1011 1034 1075 viam
1062 1010 1123 1075 inii
1148 1009 1185 1074 in
1216 1009 1360 1074 editione

212 1121 266 1203 (de
288 1143 349 1205 quo
371 1145 459 1188 nunc
481 1123 573 1187 valde
596 1123 732 1210 dubito),
758 1122 853 1187 debui
875 1122 990 1186 saltem
1015 1119 1055 1208 [ct
1075 1119 1248 1210 concidam]
1273 1123 1360 1186 assu-

211 1238 297 1297 latim
318 1240 354 1296 ei
374 1235 502 1298 11111111.
546 1232 667 1298 Iterum
695 1235 791 1318 poeta
818 1231 912 1316 Capi.
935 1231 993 1315 IV,
1017 1232 1048 1317 2,
1076 1231 1119 1297 52
1147 1230 1238 1316 (832)
1267 1232 1362 1296 Pn'us

211 1362 301 1421 quam
322 1349 472 1423 pultando
493 1347 649 1409 assulatim
673 1347 793 1420 foribus
814 1345 939 1408 exitium
962 1348 1051 1407 dabo.

296 1453 338 1517 33
360 1459 582 1535 derepente:
605 1453 692 1519 Men.
716 1453 757 1537 V,
780 1454 817 1537 2,
845 1453 903 1517 121
927 1453 1018 1538 (874)
1042 1457 1083 1518 Ei
1102 1454 1268 1532 irrepente
1290 1454 1359 1517 tria·

211 1573 259 1627 tus
285 1568 406 1629 morbus
432 1567 549 1631 11111111.
593 1565 683 1630 Idem
711 1564 897 1630 adverbium
925 1562 1176 1649 glossographus
1204 1561 1315 1645 potuit
1340 1584 1361 1626 e

211 1671 307 1737 Most.
330 1673 373 1757 ΙΙ,
397 1675 428 1758 2,
452 1677 492 1740 51
516 1676 607 1762 (488)
629 1678 752 1741 notare.

295 1783 341 1849 ln
362 1784 624 1850 Mostellaria.
651 1786 693 1851 34
703 1791 1008 1867 pollucibiliter:
1030 1783 1126 1848 Most.
1139 1782 1166 1867 Ι,
1182 1785 1210 1866 1,
1227 1782 1270 1848 23
1287 1786 1363 1848 Die's

211 1901 368 1974 noctisque
387 1897 493 1974 bibite,
520 1899 783 1976 perpraecimiui:
812 1897 932 1960 1111111111
953 1901 1055 1974 emite,
1078 1896 1220 1959 liberate:
1236 1895 1364 1973 pascite

212 2007 385 2071 Parasitus:
407 2009 549 2072 obsculta
565 2008 793 2088 pollucibiliter.
838 2006 931 2071 Vnde
953 2027 1046 2070 suum
1067 2003 1146 2070 illud
1163 2009 1263 2082 bibite,
1286 2025 1362 2085 per-

184 2108 192 2121 *
209 2123 403 2194 praecamini
418 2122 638 2194 pollucibiliter
652 2120 815 2201 sumptum
835 2115 1027 2201 Fulgentius
1042 2114 1146 2200 Myth.
1161 2114 1188 2197 Ι,
1205 2114 1226 2177 2
1248 2135 1364 2180 errore

212 2224 253 2289 ad
270 2225 441 2310 Epidicum
455 2226 595 2291 rettulit:
623 2228 656 2291 id
673 2228 758 2312 quod
774 2227 906 2292 minime
926 2228 1159 2311 perspexerunt
1178 2224 1362 2312 lexicogra-

210 2334 268 2420 phi
288 2334 401 2399 nostri.

240 2498 242 2503 .
297 2444 552 2514 3511111111
576 2447 670 2514 Most.
694 2449 721 2532 Ι,
745 2449 775 2532 2,
799 2449 841 2515 35
864 2449 971 2535 (116):
993 2447 1065 2513 vide
1088 2449 1128 2512 ad
1151 2451 1172 2530 §
1193 2449 1225 2512 4.

297 2555 338 2620 36
360 2569 519 2623 cotenus
540 2559 791 2646 glossographus
813 2560 973 2644 excerpsit
995 2582 1011 2624 e
1034 2557 1251 2624 Mostellariae
1274 2558 1303 2643 Ι,
1327 2560 1362 2644 2,

212 2665 255 2730 50
276 2667 378 2751 (131),
402 2669 457 2731 ubi
479 2669 563 2733 idem
586 2691 645 2734 nos
667 2669 761 2734 hodie
783 2670 817 2734 in
833 2670 991 2734 Palatinis
1013 2670 1161 2755 legimus,
1184 2669 1250 2734 nisi
1274 2671 1363 2755 quod

212 2774 275 2840 levi
302 2778 438 2863 vestigio
461 2778 601 2864 aliquam
630 2781 844 2865 corruptelam
866 2780 968 2844 Vetus
995 2780 1104 2864 prodit
1129 2801 1149 2842 a
1171 2780 1362 2846 litterame

213 2890 394 2952 correctura
415 2887 549 2954 habens.
594 2891 728 2956 Atenim
755 2913 815 2956 nec
842 2891 1006 2955 notionem
1028 2890 1117 2955 illam
1138 2889 1205 2954 fert
1226 2895 1361 2956 senten-

212 2997 270 3080 tia,
293 3019 353 3062 nec
375 2999 506 3064 omnino
534 3001 583 3064 vel
610 3014 734 3067 eatenus
761 3002 811 3066 vel
840 3007 987 3066 hacteuus
1014 3001 1064 3065 vel
1092 3012 1242 3080 quatenus
1265 3023 1361 3067 voca·

212 3106 289 3171 bula
316 3107 469 3174 Plautina
495 3111 608 3196 lingua
635 3112 774 3197 novit.*)
819 3112 907 3188 Quae
941 3134 1011 3177 cum
1045 3112 1144 3175 etiam
1175 3111 1361 3197 sfflplicem

212 3228 299 3283 tenus
319 3219 457 3284 formam
479 3222 616 3307 ignoret,
641 3223 723 3288 ratio
745 3227 836 3307 patet
851 3245 907 3287 cur
921 3245 1017 3307 supra
1040 3222 1095 3307 (ad
1117 3222 1208 3308 532)
1231 3222 1360 3289 adhibi·

212 3331 280 3392 tam
302 3330 379 3393 olim
401 3330 683 3397 Menaechmorum
706 3356 799 3398 versu
815 3334 877 3399 859
899 3333 1156 3398 emendationem
1178 3355 1269 3399 nunc
1290 3356 1360 3400 non

211 3441 314 3504 tuear.
357 3440 398 3523 In
419 3441 616 3507 Mostellaria
639 3444 739 3529 igitur
760 3467 826 3509 non
849 3467 919 3508 sum
941 3442 1060 3508 veritus
1088 3455 1237 3525 protenus
1265 3467 1360 3530 repo

211 3573 299 3634 nere,
323 3552 362 3616 de
382 3574 445 3636 qua
466 3553 570 3617 forma
591 3554 713 3618 dictum
734 3555 845 3619 estad
867 3559 887 3637 ξ
912 3555 963 3619 15.

296 3671 337 3735 37
364 3674 515 3748 fartim.
553 3673 617 3738 Hic
642 3695 766 3758 quoque
792 3672 1060 3759 glossographum
1084 3672 1202 3738 fefellit
1235 3676 1360 3741 codicis

213 3781 372 3866 scriptura
389 3782 450 3863 sui,
472 3804 553 3866 quae
571 3784 681 3849 eadem
699 3787 857 3869 astatque
874 3784 910 3847 in
930 3782 1090 3847 Palatinis
1108 3784 1237 3848 nostris.
1266 3771 1358 3851 Nam

212 3890 254 3955 ab
280 3892 351 3976 ipso
372 3896 468 3976 poeta
489 3897 575 3958 certo
599 3895 715 3959 certius
737 3897 786 3958 est
809 3893 988 3977 profectum
1015 3915 1083 3957 esse
1104 3894 1245 3959 Mostell.
1266 3895 1300 3979 Ι,
1323 3897 1357 3980 3,

215 4003 253 4065 13
271 4001 362 4086 (169)
386 4009 453 4068 Noa
469 4007 576 4069 ue'stem
592 4017 731 4070 amantes
743 4006 878 4068 1111111111
892 4006 1010 4082 ambul,
1034 4010 1090 4067 1111
1104 4012 1191 4069 uestis
1207 4007 1355 4082 fartum.

281 4239 307 4306 *)
336 4239 429 4295 Vnum
456 4245 613 4300 istuctenus
640 4259 701 4296 sero
728 4241 843 4296 memini
868 4241 953 4296 semel
980 4240 1056 4311 apud
1082 4240 1212 4297 Plautum
1243 4245 1358 4303 entare

213 4330 313 4394 Bacch.
333 4333 353 4399 1,
372 4342 395 4402 2,
413 4340 446 4390 60
464 4338 534 4403 (168)
553 4336 634 4393 Ista'c
652 4346 734 4395 1111111
752 4338 814 4405 tibi,
834 4339 924 4416 21111,
943 4334 1063 4396 liberta's
1080 4338 1177 4400 datast
1196 4338 1358 4403 britium.
