2894 5040
385 346 433 395 na
456 348 628 398 ruoanurs
651 348 734 397 noar
756 348 902 397 nouruur.
991 308 1000 329 ⁸
1153 336 1214 399 387

59 498 115 565 De
144 504 281 584 iitroque
295 504 401 565 autern
416 505 607 587 argumento
629 505 666 566 ut
684 503 787 566 tribus
805 502 907 567 verbis
923 503 999 587 quial
1014 502 1216 593 sentiendum

58 611 108 675 sit
147 610 406 696 complectamur,
431 612 598 677 Osannurn
620 611 737 677 fefellit
760 613 878 696 opinio.
922 612 966 676 Et
988 613 1126 696 primum
1149 614 1216 697 qui-

58 722 142 785 dem
180 722 215 785 iu
248 722 427 787 deliniendo
459 726 602 805 tempore
628 723 736 807 lapsus
759 727 808 787 est
829 722 1076 787 incredibiliter:
1100 724 1216 787 arsisse

58 832 161 897 enim
192 832 345 897 tabernas
378 853 406 896 a.
429 833 493 897 575
528 832 562 896 L.
586 832 709 897 Manlio
731 833 869 897 Acidino
897 833 934 909 Q.
957 832 1069 897 Fulvio
1101 834 1216 897 Flacco

60 966 132 1007 eos.
172 942 285 1007 scribit
315 941 362 1027 (h.
386 964 413 1005 e.
447 942 587 1026 quinque
621 946 692 1025 post
720 943 868 1007 l'lautum
901 946 1062 1007 mortuum
1094 945 1215 1026 annis),

60 1074 151 1139 quas
176 1052 283 1117 Livius
304 1052 430 1137 quidem
452 1052 473 1115 l.
497 1074 523 1116 s.
540 1074 565 1115 s.
586 1053 767 1117 combustas
790 1057 946 1117 memorat
960 1053 1005 1116 Μ.
1023 1053 1155 1118 Claudio
1171 1055 1215 1117 M.

65 1162 205 1227 valerio
229 1184 302 1246 cos,
326 1162 386 1225 hoc
408 1168 458 1227 est
479 1185 507 1227 a.
531 1164 604 1246 544,
629 1162 742 1227 sedeo
766 1163 913 1227 incendio
940 1164 1130 1246 combustas,
1155 1186 1218 1249 quo

65 1272 168 1337 simul
186 1275 292 1351 sarran
311 1278 510 1352 piscatorium
533 1274 623 1355 arsit,
647 1273 729 1357 quod
753 1296 782 1336 a.
806 1275 869 1337 575
891 1296 910 1337 a
932 1274 976 1337 M.
995 1274 1104 1338 Fulvio
1119 1274 1217 1339 Nobi-

66 1382 151 1447 liore
185 1403 315 1447 censore
347 1382 503 1447 refectum
536 1382 620 1448 idern
643 1383 751 1447 Livius
774 1382 841 1466 XL,
865 1386 903 1447 51
936 1385 1085 1467 prodidit.
1132 1384 1252 1462 Quasi·

68 1514 122 1555 res
145 1495 281 1577 apparet
313 1492 403 1557 miris
422 1494 524 1557 modis
557 1494 721 1558 miscuisse
744 1494 920 1558 Osanuuru.
967 1494 1028 1560 Sed
1055 1517 1096 1558 ue
1119 1495 1216 1560 inter-

73 1603 214 1687 pretatio
235 1604 362 1689 quidem
384 1603 456 1689 ipsa
477 1604 645 1669 verborum
668 1604 874 1669 livianorum
902 1605 989 1669 r'ecte
1011 1604 1060 1669 vel
1084 1605 1217 1670 Osanuo

75 1714 126 1778 rel
158 1736 259 1800 nuper
282 1714 469 1801 Visseringo
502 1716 598 1779 cessit
619 1715 848 1791 Quaestionum
871 1714 1013 1778 Plaut.l
1049 1738 1080 1798 p.
1104 1715 1146 1779 63
1168 1738 1215 1799 sq.

80 1824 229 1899 Quicum
251 1825 463 1911 argentarias,
486 1828 599 1909 postea
614 1848 713 1890 novas
736 1827 927 1911 apaprellatas,
952 1825 1068 1908 opponi
1093 1827 1216 1908 septem

86 1934 218 2000 tabensis
239 1948 275 2002 ut
296 1958 361 2001 uon
384 1936 578 2020 argentariis
609 1936 670 2000 sibi
691 1939 929 2021 persuaserunt,
960 1956 1019 1999 nee
1042 1935 1123 1999 livii
1146 1958 1216 1999 son-

93 2064 152 2107 sum
171 2047 302 2111 assecuti
336 2051 427 2131 suut,
462 2050 495 2109 ct
528 2046 559 2121 jn
587 2047 800 2131 neglexerunt
821 2048 854 2111 in
878 2069 939 2130 quo
963 2047 1057 2111 cardo
1080 2049 1125 2110 rei
1148 2069 1216 2110 ver-

98 2152 171 2219 aur.
209 2156 305 2221 Nullo
337 2158 423 2221 enirn
448 2160 592 2239 tempore
614 2158 757 2221 curatio
779 2157 919 2221 obtinuit
942 2162 1147 2241 utrarumque
1169 2160 1217 2221 ta-

104 2258 244 2331 lamarum
258 2266 396 2349 illarum,
421 2269 457 2330 ut
479 2267 572 2331 simul
588 2268 791 2351 argentariae
808 2268 937 2351 alterae,
962 2269 1080 2332 alterae
1095 2268 1218 2331 fuerint

20 2450 32 2457 ..
111 2388 156 2437 nau
179 2378 386 2463 argentariae.
431 2376 532 2441 Imuro
565 2381 734 2461 utraeque,
769 2380 802 2441 et
823 2400 905 2462 <pirae
930 2379 964 2441 in
987 2378 1120 2443 australi
1154 2377 1215 2440 fori

115 2488 175 2559 Mle
191 2488 283 2573 (quae
305 2489 418 2552 (lextra
440 2491 489 2551 est
511 2510 530 2551 a
551 2486 710 2571 Capitolio
739 2488 903 2573 euntibus)
927 2487 1099 2551 collocatae
1123 2492 1216 2551 eraut

29 2622 53 2643 -.
117 2596 199 2673 ⁵‘ptem
225 2599 395 2682 tabernae,
431 2602 464 2662 et
486 2598 623 2681 quaein
646 2598 902 2682 septentrionali,
927 2619 946 2660 a
968 2598 1127 2680 principio
1150 2597 1216 2659 fue-

33 2726 44 2799 ’Π
119 2706 165 2767 un
180 2706 378 2790 lanienae,
411 2709 461 2771 val
496 2710 581 2771 certo
603 2708 804 2792 potissiuuun
828 2708 994 2771 lanienae:
1024 2728 1087 2769 uno
1111 2710 1216 2770 autern

31 2822 38 2827 “
118 2808 245 2902 Menona
271 2822 415 2901 tempore
443 2819 520 2882 item
546 2821 698 2903 utraeque
728 2842 744 2882 e
773 2818 911 2883 lanienis
933 2819 1040 2883 factae
1062 2823 1138 2883 suut
1160 2841 1218 2882 ar·
1287 2800 1294 2814 ¹

17 2914 59 3001 ’,-.
118 2930 297 2995 satanae.
343 2928 426 2991 lllud
460 2932 569 3011 aperte
602 2928 695 2993 docet
728 2928 836 2991 Livius
870 2929 934 3001 lli,
970 2932 1010 2992 48
1034 2928 1217 3013 Virginiunr

10 3064 39 3091 =·-·
118 3040 209 3101 “nans
229 3045 275 3103 ud
295 3044 440 3104 tabanos
461 3044 584 3119 ‘paribus
605 3060 686 3103 auare
708 3046 815 3103 rionis
837 3049 880 3103 est
902 3046 1025 3103 rrorreeu’
1054 3046 1091 3102 ub
1113 3046 1218 3103 laculo

10 3156 20 3175 “
51 3140 55 3145 ’
117 3142 179 3209 ‘Utro
204 3161 330 3231 arrepto
362 3149 460 3213 filium
492 3149 645 3213 (recidisse
680 3152 719 3229 (a.
744 3150 831 3232 alala).
878 3148 965 3231 Ergo
999 3171 1054 3211 <rae
1081 3170 1215 3232 (puroque,

116 3260 163 3325 llll
179 3258 209 3323 iu
229 3259 476 3345 septentrionali
509 3264 600 3343 parte
631 3260 692 3323 fori
717 3259 886 3323 collocatas
910 3263 1021 3342 postca
1044 3280 1142 3322 novas
1166 3280 1217 3320 vo·

115 3354 215 3435 ulirant
246 3370 293 3451 (nl
327 3370 411 3455 qruul
436 3369 621 3454 planissime
645 3394 662 3433 e
684 3371 846 3433 Ciceronis
870 3369 970 3432 Acori.
997 3369 1037 3451 ll,
1061 3370 1103 3431 22
1126 3368 1215 3432 iutel-

112 3462 190 3544 letum
221 3484 280 3566 est)
316 3480 444 3545 saeculo
476 3482 590 3563 (puarto
623 3481 756 3543 incunte.
792 3479 948 3542 laniorum
971 3480 1121 3560 fuerunt,
1152 3501 1214 3541 non

107 3593 341 3673 mammarum,
366 3612 426 3654 nec
441 3590 514 3653 illae
541 3592 669 3653 tanturn
683 3612 764 3673 <purae
780 3589 985 3652 exadversum
1002 3589 1082 3651 sitae
1104 3588 1216 3650 novis

101 3702 319 3785 ppneoantur
340 3701 519 3765 veterum
542 3700 682 3764 nornine.
712 3699 739 3762 ll
754 3723 816 3783 ‹pu›
839 3720 1034 3783 consequens
1050 3700 1109 3777 est,
1133 3695 1215 3778 (praesul

95 3808 127 3873 ul
143 3834 256 3897 perse
278 3832 346 3876 non
368 3812 475 3895 potest
497 3832 561 3873 non
586 3813 834 3874 ‹arrisentanourn
852 3809 961 3891 villeri,
987 3809 1025 3870 ud
1049 3810 1216 3888 utramque

68 4112 109 4153 m
126 4110 183 4150 uon
205 4090 334 4147 habeant
351 4105 408 4159 quo
426 4090 590 4146 referuntur.
611 4120 641 4129 --
667 4088 698 4147 V.
717 4096 746 4145 51
768 4109 846 4161 quos,
865 4090 938 4157 «paul
959 4089 1061 4141 nullom
1081 4086 1215 4140 ‹lul'ousio-

59 4210 123 4249 nem
135 4188 251 4261 patitur
268 4200 439 4256 praegresso
450 4192 610 4242 scortorum
622 4184 754 4250 subiecto,
773 4182 936 4236 ruuluruluru
949 4183 1075 4233 unximus
1089 4180 1115 4231 iu
1134 4198 1215 4248 qratia,

54 4282 223 4345 addendam
241 4282 344 4333 atatem
364 4294 429 4333 nam
447 4277 590 4345 syllabam,
610 4280 639 4330 et
657 4296 679 4329 r.
695 4284 727 4329 δ’.)
746 4294 760 4327 a
777 4275 875 4327 ltollrio
889 4278 989 4331 ludunt
1006 4272 1214 4325 :ulsciscernlrun

46 4396 105 4455 pro
122 4378 248 4435 holm.

958 4452 1022 4515 25*
