2894 5040
304 362 350 413 ns
372 361 591 412 asovuanrc
614 362 833 412 losos'nono
856 363 989 412 mmsis
1013 363 1190 415 anesiosa
1255 350 1320 415 405

151 518 369 583 confidentia
391 517 581 582 tribuerent.
609 515 684 581 Non
706 518 830 581 exstitit
852 522 970 600 autem,
994 519 1048 602 qui
1070 519 1110 583 ad
1132 541 1203 583 eam
1225 542 1319 603 quae·

151 627 312 694 ationem
332 629 417 693 vium
450 650 519 692 esse
549 628 755 692 muniendam
779 628 902 692 curiosa
929 628 1129 712 singulorum
1150 631 1318 694 verbormn

150 739 445 826 pervestigatione
477 737 690 824 intellegeret.
735 737 855 823 Ecquis
889 741 997 802 autem
1028 742 1114 803 recte
1137 740 1318 805 existimare

150 845 197 909 de
242 871 352 916 eorum
381 871 529 914 versuum
561 849 627 913 sive
661 849 804 913 bonitate
837 849 904 913 sive
936 849 1156 914 mediocritate
1189 851 1317 935 poterit,

149 978 250 1038 quos
277 984 340 1026 non
362 964 438 1026 ante
460 960 634 1044 explorarit
648 959 755 1043 quales
778 959 910 1024 tandem
932 961 1075 1045 quisquis
1097 960 1161 1024 fuit
1182 962 1318 1046 scriptos

149 1066 359 1155 reliquerit?
400 1071 501 1155 Atqui
532 1070 643 1152 facile,
675 1069 728 1153 qui
751 1070 932 1134 accuratius
955 1071 1141 1154 inspexerit,
1176 1072 1318 1135 fateatur

148 1182 382 1257 eminiscimae
414 1181 512 1263 illius,
547 1203 609 1266 qua
638 1180 726 1265 ipsae
748 1180 875 1243 salsulae
897 1179 1056 1266 laborant,
1080 1181 1317 1265 depravationis

148 1294 399 1379 contagionem
422 1291 520 1356 etiam
543 1291 583 1355 ad
606 1292 808 1375 Argumenta
829 1291 1030 1373 pertinuisse.
1065 1291 1161 1357 (luins
1177 1293 1223 1356 rei
1247 1315 1317 1356 cum

147 1392 317 1486 insignia
338 1403 529 1467 documenta
551 1401 632 1466 aliae
646 1400 776 1465 fabulae
791 1401 1008 1485 suppeditant,
1032 1407 1101 1466 tum
1116 1424 1215 1466 unum
1231 1425 1318 1467 nmic

145 1501 264 1577 lubet
297 1535 483 1600 proponere.
528 1512 658 1577 Etenim
692 1513 836 1594 duomm,
870 1535 951 1597 quac
974 1513 1014 1576 ad
1037 1513 1207 1577 Militem
1240 1513 1316 1598 glo-

144 1612 319 1689 riosum
341 1627 490 1710 spectant
497 1673 506 1706 ,
540 1626 802 1708 argumentorum
826 1622 972 1705 alterum,
1007 1624 1090 1706 quod
1113 1627 1161 1686 cst
1187 1624 1316 1687 acrosti-

144 1719 283 1819 chum,
304 1736 348 1801 sic
369 1735 525 1818 scriptum
546 1733 712 1818 vulgatur:

163 1885 192 1924 ι
324 1858 510 1918 Meretricem
532 1857 660 1917 Athenis
683 1856 837 1932 Ephesum
859 1856 944 1914 miles
968 1856 1077 1914 avehit.

323 1945 360 2004 Id
380 1944 453 2002 horo
476 1943 548 2001 dum
571 1943 683 2001 amanti
706 1961 807 2001 seruos
829 1942 970 2000 nunciare
993 1942 1057 2000 volt

326 2030 440 2107 Legato
463 2047 595 2104 peregre,
620 2030 741 2103 captust
763 2028 847 2102 ipsus
863 2028 893 2084 in
916 2027 1000 2099 mari,

324 2115 365 2173 Et
386 2114 431 2172 illi
454 2112 551 2171 cidem
572 2113 663 2171 militi
686 2112 765 2171 dono
789 2112 902 2170 datust.

266 2206 283 2255 5
323 2199 416 2259 Suum
439 2198 562 2257 arcessit
584 2198 688 2255 herum
710 2197 848 2269 Athenis,
872 2201 902 2255 et
925 2198 1005 2255 l'orat

324 2284 457 2343 Geminis
480 2302 666 2342 communem
689 2282 764 2340 clam
787 2283 933 2356 parictem
955 2281 985 2339 in
1009 2282 1142 2349 nedibus,

323 2370 425 2429 Licere
447 2372 482 2426 ut
505 2368 604 2443 quiret
626 2368 785 2426 convenire
807 2367 987 2424 nutantibus.

325 2455 529 2514 Obhaercntcs
553 2447 653 2511 custos
675 2452 730 2511 lios
752 2451 829 2510 vidit
852 2452 889 2509 dc
911 2452 1031 2527 tegulis.

324 2540 479 2599 Ridiculus
502 2541 611 2610 nutem,
636 2537 722 2614 (quasi
744 2537 784 2594 sit
807 2536 874 2608 alia,
897 2537 1022 2594 luditur.

248 2626 282 2677 lu
320 2626 458 2700 Itemque
480 2623 610 2698 impellit
635 2622 762 2680 militem
783 2621 958 2690 Palaestrio

325 2710 473 2770 Omissum
495 2709 587 2766 iaciat
609 2707 814 2775 concubinam,
839 2707 960 2781 quando
983 2707 1009 2763 ci

326 2795 411 2854 Senis
432 2793 525 2853 vieini
548 2793 650 2867 cupiat
672 2811 747 2850 uxor
768 2791 900 2849 nubere:

324 2879 411 2938 Vltro
434 2879 523 2936 abeat
545 2880 620 2950 orat,
644 2878 738 2936 <louet
759 2877 864 2934 multa.
888 2877 952 2951 ipsc
976 2877 1007 2933 in
1031 2877 1119 2933 dorna

325 2964 409 3024 Senis
432 2964 597 3039 prehensus
619 2981 730 3037 poenas
753 2980 808 3035 pro
831 2960 954 3018 moecha
977 2962 1043 3018 luit.

257 3096 355 3180 Atqui
389 3093 503 3159 horum
536 3115 596 3157 nec
619 3115 698 3176 quam
721 3113 801 3154 sana
824 3090 988 3172 videntur,
1023 3090 1069 3153 sic
1097 3089 1217 3174 scriptu
1242 3090 1314 3154 libri

153 3184 378 3270 pru‹liderunt
400 3204 526 3286 omnia,
560 3225 619 3267 nec
642 3225 720 3286 (puae
744 3225 761 3265 e
783 3201 873 3265 libris
896 3204 1084 3283 manarunt,
1122 3200 1186 3264 ullo
1218 3204 1314 3285 pacto
1334 3216 1360 3264 nv

153 3298 240 3374 ⁹⁸⁸8
273 3339 353 3382 sana
386 3317 544 3400 possunt„
575 3312 658 3377 Nam
690 3316 725 3376 nt
747 3335 766 3375 a
789 3311 986 3396 gravissimis
1009 3311 1125 3395 ordiar,
1150 3312 1241 3375 toedc
1255 3312 1315 3383 ‚ilo-

154 3409 322 3491 Praestos
345 3448 413 3491 esse
437 3447 546 3489 versus
568 3424 589 3489 5
612 3426 644 3487 ct
665 3424 684 3488 8
708 3427 846 3487 metrum
862 3421 979 3485 clamat
992 3423 1027 3485 in
1044 3422 1104 3485 hoc
1119 3421 1321 3503 redundans,

155 3520 322 3602 ¹11&neum
342 3538 377 3602 in
398 3536 464 3601 ille.
509 3533 578 3599 Nec
599 3537 708 3598 tamen
731 3534 832 3598 maior
855 3536 903 3596 est
926 3553 1034 3595 eorum
1056 3532 1236 3615 integritas,
1260 3530 1314 3614 qui

159 3644 374 3688 N„-

158 3708 218 3785 l'st
238 3739 347 3795 defendi
362 3759 389 3810 p.
402 3744 452 3794 sle
470 3737 582 3793 adscitis
595 3739 767 3796 Ncrvciaria
785 3737 952 3794 Friuolaria
969 3735 1139 3798 nominibus,
1158 3731 1314 3786 substitutis

162 3822 217 3874 ’Ν
235 3832 343 3900 quidem
359 3833 401 3888 illi
418 3832 517 3898 vianna
535 3832 564 3884 in
582 3832 673 3886 locum
691 3833 867 3889 Nervularia
883 3832 1051 3887 Friuolaria
1070 3831 1240 3881 formarum?
1254 3824 1318 3878 :Vel
1404 3890 1409 3900 .

165 3916 331 3987 “menti
352 3925 541 3982 acrostichi
563 3925 671 3995 primae
694 3925 805 3979 tabidae
824 3941 933 3978 versum
951 3926 1123 3991 postremum
1141 3919 1234 3972 deleta
1252 3919 1317 3985 aa:

171 4014 248 4069 ”ern
262 4033 323 4073 soce
334 4020 372 4074 sie
385 4017 491 4074 scilicet
503 4018 646 4074 emendari
663 4037 691 4088 p.
705 4024 754 4072 205
768 4018 838 4074 Rem
850 4023 1005 4084 pnoccani:
1022 4017 1148 4082 gensinus
1159 4014 1315 4069 Alcumena

175 4109 340 4179 enarrat,
359 4112 430 4166 unde
444 4111 660 4166 AMPHITRVR
678 4126 778 4164 nomen
803 4109 933 4178 emergit,
953 4106 1172 4176 compa-randum
1190 4104 1258 4157 illud
1277 4104 1314 4157 ἰο-

181 4194 275 4250 enini
287 4201 458 4260 hildemanni
474 4205 587 4258 invento
606 4221 661 4270 quo
679 4202 790 4256 MILEA
810 4200 1010 4255 GLOPalOSVS
1028 4199 1133 4269 prodiit
1151 4217 1177 4267 p.
1192 4197 1252 4250 LVI
1271 4197 1313 4250 ed.

186 4294 302 4434 mii.
332 4296 384 4352 Sed
400 4298 497 4352 taedet
514 4297 540 4351 in
560 4297 602 4351 his
621 4296 728 4350 frivolis
746 4296 862 4349 haerere
881 4294 995 4358 diutius,
1015 4310 1085 4361 quae
1105 4291 1163 4344 dics
1182 4289 1227 4344 die
1246 4291 1313 4344 ubo·

288 4388 399 4461 traditi,
