2850 5032
548 313 683 364 muns
705 314 883 365 asomum.
1225 302 1288 367 407

188 474 259 531 aenne
278 472 453 533 maaca.
497 467 645 553 Apparet
673 470 731 533 aut
750 475 835 533 coire
856 473 912 533 aut
940 477 1141 536 convenires
1169 472 1288 557 glosse-

187 581 246 642 mate
260 581 364 642 artum.
390 576 437 643 ut
457 585 542 645 coire
561 579 690 663 quidem
711 580 843 644 omnino
864 602 977 664 parum
1000 581 1152 646 usitatum
1175 581 1289 648 Plauto

185 688 331 754 vccabulum
358 691 426 754 eet:
463 689 504 754 ad
532 690 675 755 Plautini
712 695 819 755 autem
855 692 1011 756 sermonis
1048 691 1289 757 similitudinem

182 795 264 864 borum
281 803 442 866 auctorem
462 804 726 887 argumentorum
743 801 852 866 dedita
867 823 964 886 opera
979 823 1047 867 sese
1061 802 1287 887 composuisse,

179 905 285 976 inerte
305 915 396 976 extra
418 912 668 977 controversiam
688 912 827 996 positum
850 916 908 977 est.
954 912 1057 978 Semel
1084 917 1213 978 tantum
1234 913 1289 978 ille

176 1023 311 1105 usurpavit
330 1020 470 1087 Mostell.
493 1021 520 1106 Ι,
543 1022 576 1106 4,
602 1022 657 1086 14:

316 1167 387 1224 ctae
409 1164 511 1236 modo,
532 1167 571 1223 nb
593 1164 677 1240 prius
700 1168 731 1223 ln
754 1165 803 1223 via
828 1165 994 1237 accumbas,

316 1269 406 1326 quam
429 1249 485 1322 nli,
507 1248 560 1308 nbi
582 1249 678 1309 lectus
700 1255 746 1310 est
768 1251 890 1322 strutus,
913 1268 968 1309 nos
991 1253 1118 1311 culmus:

162 1377 198 1441 ci.
218 1377 388 1446 Hermanni
409 1378 580 1445 Elementa
601 1403 633 1465 p.
655 1381 733 1445 213:
756 1402 832 1445 nam
855 1379 940 1444 Men.
965 1378 1005 1462 V,
1029 1381 1060 1464 9,
1084 1382 1142 1445 46:

214 1520 341 1596 pessum:
365 1522 418 1583 scd
438 1541 520 1583 nunc
541 1521 623 1600 {agita
645 1525 772 1600 uterque
794 1522 834 1595 id,
860 1522 940 1599 quad
963 1524 1087 1600 rogabo,
1111 1523 1202 1582 dicite

155 1650 237 1733 quod
256 1651 395 1739 rulgmur
416 1660 495 1719 coire
516 1674 574 1738 pro
596 1659 688 1736 acite,
712 1653 745 1717 id
767 1675 785 1717 e
807 1652 873 1718 solo
889 1651 1007 1717 Vetere
1031 1653 1138 1718 codice
1158 1654 1287 1718 Gruteri

155 1782 249 1825 suasu
270 1766 428 1849 receptum
455 1768 505 1829 est
531 1786 569 1828 eo
590 1763 771 1849 perversius
778 1813 787 1847 ,
817 1763 900 1848 quod
928 1786 947 1827 a
975 1764 1079 1847 prima
1105 1786 1202 1829 manu
1224 1765 1287 1829 fuit

155 1878 262 1954 canite,
290 1879 401 1940 natum
432 1874 513 1939 illud
544 1896 562 1938 e
594 1875 739 1959 proximo
770 1849 877 1940 trunci
918 1873 1054 1938 Accedit
1081 1874 1164 1959 quod
1185 1874 1286 1960 ipsius

161 1979 266 2046 nun
283 1984 322 2067 n,
348 1988 378 2070 1,
401 1985 441 2050 61
464 1985 584 2071 lentur
1334 1970 1338 1975 ’

304 2127 355 2203 qui
378 2127 507 2186 amantis
529 2146 589 2186 una
611 2127 691 2185 intbr
712 2147 743 2187 sc
766 2127 893 2186 facerem
916 2128 1115 2187 cenvenas.

164 2250 261 2334 ltaque
281 2257 306 2321 ai
331 2264 416 2322 coire
442 2256 549 2341 potina
570 2278 667 2341 quam
688 2265 849 2322 convenire
870 2257 1046 2322 insiticium
1069 2257 1121 2340 sit,
1152 2259 1284 2323 circum-

165 2358 337 2442 spiciendum
360 2367 563 2452 aliquidque
585 2368 680 2432 unius
696 2368 838 2453 syllabae
860 2368 976 2433 lacuna
997 2369 1172 2452 expleatur.
1203 2369 1284 2436 Cun-

167 2468 288 2541 iunctum
307 2482 413 2543 autem
434 2476 496 2542 hoc
518 2499 587 2543 esse
608 2500 680 2543 cum
706 2500 814 2543 corum
836 2479 890 2562 qui
918 2480 1114 2544 antecedunt
1136 2501 1284 2544 versuum

171 2588 319 2667 corruptela
340 2588 388 2653 ita
399 2589 534 2673 videtur,
557 2594 593 2654 ut
613 2591 789 2654 communis
805 2591 1063 2653 membranarum
1085 2589 1172 2653 labes
1188 2613 1282 2674 quae·

172 2686 230 2752 <1³1ss
246 2699 280 2762 ad
298 2722 393 2765 unam
409 2700 604 2784 eandemque
626 2704 752 2783 partem
773 2700 870 2764 trium
886 2722 1034 2764 versuum
1057 2700 1282 2764 continuorum

174 2801 337 2893 pertinuerit,
361 2812 393 2875 h.
418 2833 445 2874 c.
470 2811 512 2875 ad
533 2810 653 2875 medios
676 2811 743 2874 fere
766 2832 890 2874 uersus:

300 2973 386 3013 suum
409 2952 532 3010 arcessit
553 3001 573 3009 -
596 2991 614 3008 c
634 2978 652 3009 a
672 2952 800 3010 Athenis
824 2957 854 3009 et
878 2952 957 3009 forat

300 3038 426 3114 geminis
449 3055 635 3096 communem
657 3062 675 3093 r
695 3075 712 3092 c
733 3038 878 3111 parietem
902 3037 1039 3109 nedibus,

300 3123 402 3182 liceret
423 3127 458 3181 ut
478 3161 495 3178 c
512 3122 669 3181 cbnvcnirc
692 3123 874 3181 amantibus.

172 3239 265 3315 Horum
295 3254 380 3318 enim
411 3253 515 3337 primo
548 3252 602 3337 qui
635 3252 717 3316 nihil
749 3255 918 3336 peccatum
940 3274 976 3316 eo
999 3252 1079 3334 loco,
1107 3276 1169 3337 quo
1192 3270 1313 3319 nuncv

170 3360 250 3424 lcum
268 3363 392 3450 legitur,
416 3363 629 3446 crediderunt,
653 3385 718 3427 non
742 3367 915 3447 putuerunt
936 3363 1014 3448 quin
1030 3369 1087 3427 aut
1109 3365 1281 3448 pessimum

167 3467 305 3538 inultima
326 3475 450 3559 syllaba
475 3482 602 3539 arcessit
632 3474 720 3538 verbi
743 3478 912 3537 accentum
934 3474 1111 3538 tolerarent
1133 3479 1164 3538 et
1187 3476 1280 3538 simul

163 3581 221 3647 aliis
247 3585 398 3650 machinis
431 3589 598 3649 uterentur
631 3590 681 3649 sut
716 3584 1001 3669 improbabilibus:
1041 3607 1104 3669 quo
1141 3585 1282 3668 pertinet

158 3694 366 3781 Scioppianum
390 3700 605 3761 commentum

322 3858 410 3899 suum
433 3840 556 3897 bscessit
578 3839 682 3896 bcrurn
706 3837 834 3896 Athenis
858 3838 949 3911 btqtlc
973 3837 1095 3907 bcforat,

141 3990 200 4059 pro
219 3989 278 4054 quo
299 3983 391 4049 atque
412 3975 482 4034 inde
504 3975 622 4048 afforet
643 3967 795 4052 Pyladea,
830 3982 920 4047 ntqrcc
937 3970 1083 4047 Iaerfcrut
1106 3965 1280 4030 Lambinus

135 4080 258 4172 possit:
286 4084 341 4144 aut
363 4079 568 4143 suavissimus
591 4077 697 4142 hercle
720 4078 827 4142 hiatus
851 4076 1062 4158 cumularent,
1087 4080 1121 4139 nt
1144 4075 1279 4140 Paenul-
1395 4072 1398 4079 '

134 4197 242 4273 fimus,
264 4190 318 4274 qui
341 4189 391 4253 bis
414 4189 574 4253 auriculas
597 4188 762 4253 blanditiis
786 4186 948 4252 demulsit:

322 4351 410 4391 suum
432 4332 555 4391 arcessit
577 4331 680 4390 herum
703 4331 831 4389 Athenis
857 4333 949 4404 atalae
973 4329 1087 4388 etforat.
