<?xml version="1.0" encoding="UTF-8"?>
<!DOCTYPE html PUBLIC "-//W3C//DTD XHTML 1.0 Transitional//EN"
    "http://www.w3.org/TR/xhtml1/DTD/xhtml1-transitional.dtd">
<html xmlns="http://www.w3.org/1999/xhtml" xml:lang="en" lang="en">
 <head>
  <title>
</title>
<meta http-equiv="Content-Type" content="text/html;charset=utf-8" />
  <meta name='ocr-system' content='tesseract 3.04.00' />
  <meta name='ocr-capabilities' content='ocr_page ocr_carea ocr_par ocr_line ocrx_word'/>
</head>
<body>
  <div class='ocr_page' id='page_1' title='image "./fridericiritsch01ritsgoog_0459.png"; bbox 0 0 2850 5032; ppageno 0'>
   <div class='ocr_carea' id='block_1_1' title="bbox 183 272 965 351">
    <p class='ocr_par' dir='ltr' id='par_1_1' title="bbox 183 272 965 351">
     <span class='ocr_line' id='line_1_1' title="bbox 183 272 965 351; baseline 0.004 -15"><span class='ocrx_word' id='word_1_1' title='bbox 183 272 246 336; x_wconf 75' lang='grc'>428</span> <span class='ocrx_word' id='word_1_2' title='bbox 540 289 756 351; x_wconf 77' lang='lat' dir='ltr'>vuarnoovrn</span> <span class='ocrx_word' id='word_1_3' title='bbox 779 290 965 339; x_wconf 78' lang='lat' dir='ltr'>rnsvrrsn.</span> 
     </span>
    </p>
   </div>
   <div class='ocr_carea' id='block_1_2' title="bbox 183 425 1376 860">
    <p class='ocr_par' dir='ltr' id='par_1_2' title="bbox 183 425 1376 860">
     <span class='ocr_line' id='line_1_2' title="bbox 184 425 1376 528; baseline 0 -22"><span class='ocrx_word' id='word_1_4' title='bbox 184 443 254 528; x_wconf 90' lang='lat' dir='ltr'>quis</span> <span class='ocrx_word' id='word_1_5' title='bbox 277 445 325 506; x_wconf 87' lang='lat' dir='ltr'>est</span> <span class='ocrx_word' id='word_1_6' title='bbox 347 445 432 507; x_wconf 88' lang='lat' dir='ltr'>enim</span> <span class='ocrx_word' id='word_1_7' title='bbox 456 445 525 528; x_wconf 88' lang='lat' dir='ltr'>qui,</span> <span class='ocrx_word' id='word_1_8' title='bbox 548 447 718 528; x_wconf 73' lang='lat' dir='ltr'>postquam</span> <span class='ocrx_word' id='word_1_9' title='bbox 740 444 778 508; x_wconf 90' lang='lat' dir='ltr'>de</span> <span class='ocrx_word' id='word_1_10' title='bbox 801 452 938 524; x_wconf 76' lang='lat' dir='ltr'>iuriqure</span> <span class='ocrx_word' id='word_1_11' title='bbox 960 446 1038 510; x_wconf 90' lang='lat' dir='ltr'>satis</span> <span class='ocrx_word' id='word_1_12' title='bbox 1062 448 1205 528; x_wconf 86' lang='lat' dir='ltr'>constat,</span> <span class='ocrx_word' id='word_1_13' title='bbox 1229 425 1376 513; x_wconf 58' lang='grc' dir='ltr'>Π]</span> 
     </span>
     <span class='ocr_line' id='line_1_3' title="bbox 184 548 1376 639; baseline 0.005 -21"><span class='ocrx_word' id='word_1_14' title='bbox 184 554 219 618; x_wconf 91' lang='lat' dir='ltr'>in</span> <span class='ocrx_word' id='word_1_15' title='bbox 233 557 358 638; x_wconf 86' lang='lat' dir='ltr'>partem</span> <span class='ocrx_word' id='word_1_16' title='bbox 379 556 609 639; x_wconf 73' lang='lat' dir='ltr'>interpretetur</span> <span class='ocrx_word' id='word_1_17' title='bbox 629 555 834 619; x_wconf 84' lang='lat' dir='ltr'>Ambrosiam</span> <span class='ocrx_word' id='word_1_18' title='bbox 857 555 974 619; x_wconf 88' lang='lat' dir='ltr'>codicis</span> <span class='ocrx_word' id='word_1_19' title='bbox 988 557 1024 620; x_wconf 94' lang='lat' dir='ltr'>in</span> <span class='ocrx_word' id='word_1_20' title='bbox 1035 556 1217 621; x_wconf 83' lang='lat' dir='ltr'>Trinummi</span> <span class='ocrx_word' id='word_1_21' title='bbox 1233 548 1376 625; x_wconf 53' lang='lat' dir='ltr'>eff</span> 
     </span>
     <span class='ocr_line' id='line_1_4' title="bbox 184 665 1268 753; baseline 0.006 -25"><span class='ocrx_word' id='word_1_22' title='bbox 184 666 226 730; x_wconf 76' lang='lat'>70</span> <span class='ocrx_word' id='word_1_23' title='bbox 247 666 432 730; x_wconf 82' lang='lat' dir='ltr'><strong>memoriam</strong></span> <span class='ocrx_word' id='word_1_24' title='bbox 456 684 563 731; x_wconf 81' lang='lat' dir='ltr'>omva</span> <span class='ocrx_word' id='word_1_25' title='bbox 580 702 586 715; x_wconf 92' lang='lat'><em>·</em></span> <span class='ocrx_word' id='word_1_26' title='bbox 605 701 611 714; x_wconf 92' lang='lat'>·</span> <span class='ocrx_word' id='word_1_27' title='bbox 629 684 689 750; x_wconf 81' lang='lat' dir='ltr'>nm,</span> <span class='ocrx_word' id='word_1_28' title='bbox 714 667 775 730; x_wconf 87' lang='lat' dir='ltr'>nisi</span> <span class='ocrx_word' id='word_1_29' title='bbox 799 670 835 729; x_wconf 91' lang='lat' dir='ltr'>ut</span> <span class='ocrx_word' id='word_1_30' title='bbox 856 665 970 749; x_wconf 86' lang='lat' dir='ltr'>duas,</span> <span class='ocrx_word' id='word_1_31' title='bbox 994 686 1129 752; x_wconf 89' lang='lat' dir='ltr'>quarum</span> <span class='ocrx_word' id='word_1_32' title='bbox 1151 669 1268 753; x_wconf 84' lang='lat' dir='ltr'>spatia</span> 
     </span>
     <span class='ocr_line' id='line_1_5' title="bbox 183 776 979 860; baseline 0.003 -20"><span class='ocrx_word' id='word_1_33' title='bbox 183 780 310 841; x_wconf 85' lang='lat' dir='ltr'>servata</span> <span class='ocrx_word' id='word_1_34' title='bbox 332 783 419 860; x_wconf 88' lang='lat' dir='ltr'>sunt,</span> <span class='ocrx_word' id='word_1_35' title='bbox 441 776 566 842; x_wconf 78' lang='lat' dir='ltr'>litteras</span> <span class='ocrx_word' id='word_1_36' title='bbox 589 777 688 842; x_wconf 86' lang='lat' dir='ltr'>fuisse</span> <span class='ocrx_word' id='word_1_37' title='bbox 711 794 747 841; x_wconf 81' lang='lat' dir='ltr'>ro</span> <span class='ocrx_word' id='word_1_38' title='bbox 771 776 979 860; x_wconf 86' lang='lat' dir='ltr'>concedat:*)</span> 
     </span>
    </p>
   </div>
   <div class='ocr_carea' id='block_1_3' title="bbox 267 935 1135 1015">
    <p class='ocr_par' dir='ltr' id='par_1_3' title="bbox 267 935 1135 1015">
     <span class='ocr_line' id='line_1_6' title="bbox 267 935 1135 1015; baseline 0.002 -21"><span class='ocrx_word' id='word_1_39' title='bbox 267 935 401 995; x_wconf 83' lang='lat' dir='ltr'>Nemdst.</span> <span class='ocrx_word' id='word_1_40' title='bbox 432 935 512 1004; x_wconf 84' lang='lat' dir='ltr'>Quid</span> <span class='ocrx_word' id='word_1_41' title='bbox 534 939 568 994; x_wconf 90' lang='lat' dir='ltr'>tu</span> <span class='ocrx_word' id='word_1_42' title='bbox 590 937 684 1013; x_wconf 84' lang='lat' dir='ltr'>igitur</span> <span class='ocrx_word' id='word_1_43' title='bbox 706 937 829 1013; x_wconf 69' lang='lat' dir='ltr'>rogitas,</span> <span class='ocrx_word' id='word_1_44' title='bbox 853 939 922 995; x_wconf 89' lang='lat' dir='ltr'>tene</span> <span class='ocrx_word' id='word_1_45' title='bbox 945 937 1135 1015; x_wconf 76' lang='lat' dir='ltr'>obiurigom?</span> 
     </span>
    </p>
   </div>
   <div class='ocr_carea' id='block_1_4' title="bbox 127 1064 1376 2274">
    <p class='ocr_par' dir='ltr' id='par_1_4' title="bbox 127 1064 1376 2274">
     <span class='ocr_line' id='line_1_7' title="bbox 183 1064 1375 1168; baseline 0.004 -22"><span class='ocrx_word' id='word_1_46' title='bbox 183 1081 248 1146; x_wconf 85' lang='lat' dir='ltr'>Vbi</span> <span class='ocrx_word' id='word_1_47' title='bbox 270 1083 487 1148; x_wconf 86' lang='lat' dir='ltr'>insolentioris</span> <span class='ocrx_word' id='word_1_48' title='bbox 509 1085 631 1147; x_wconf 85' lang='lat' dir='ltr'>formae</span> <span class='ocrx_word' id='word_1_49' title='bbox 660 1084 822 1168; x_wconf 78' lang='lat' dir='ltr'>ignoratio</span> <span class='ocrx_word' id='word_1_50' title='bbox 845 1083 965 1148; x_wconf 89' lang='lat' dir='ltr'>similes</span> <span class='ocrx_word' id='word_1_51' title='bbox 987 1084 1193 1168; x_wconf 80' lang='lat' dir='ltr'>librariorum</span> <span class='ocrx_word' id='word_1_52' title='bbox 1214 1064 1375 1151; x_wconf 53' lang='lat' dir='ltr'>tursfl</span> 
     </span>
     <span class='ocr_line' id='line_1_8' title="bbox 185 1180 1376 1278; baseline 0.005 -22"><span class='ocrx_word' id='word_1_53' title='bbox 185 1194 305 1257; x_wconf 86' lang='lat' dir='ltr'>creavit</span> <span class='ocrx_word' id='word_1_54' title='bbox 337 1196 432 1277; x_wconf 90' lang='lat' dir='ltr'>atque</span> <span class='ocrx_word' id='word_1_55' title='bbox 460 1194 495 1257; x_wconf 94' lang='lat' dir='ltr'>in</span> <span class='ocrx_word' id='word_1_56' title='bbox 522 1207 678 1273; x_wconf 71' lang='lat' dir='ltr'>nuupcrtur</span> <span class='ocrx_word' id='word_1_57' title='bbox 705 1193 761 1258; x_wconf 89' lang='lat' dir='ltr'>illo</span> <span class='ocrx_word' id='word_1_58' title='bbox 789 1193 912 1258; x_wconf 90' lang='lat' dir='ltr'>factum</span> <span class='ocrx_word' id='word_1_59' title='bbox 941 1216 1009 1258; x_wconf 90' lang='lat' dir='ltr'>esse</span> <span class='ocrx_word' id='word_1_60' title='bbox 1043 1217 1141 1278; x_wconf 89' lang='lat' dir='ltr'>supra</span> <span class='ocrx_word' id='word_1_61' title='bbox 1174 1197 1286 1261; x_wconf 86' lang='lat' dir='ltr'>vidimu</span> <span class='ocrx_word' id='word_1_62' title='bbox 1304 1180 1376 1249; x_wconf 47' lang='grc' dir='ltr'><strong><em>Ξ</em></strong></span> 
     </span>
     <span class='ocr_line' id='line_1_9' title="bbox 127 1298 1376 1391; baseline 0.003 -24"><span class='ocrx_word' id='word_1_63' title='bbox 127 1318 165 1368; x_wconf 83' lang='lat' dir='ltr'>vn</span> <span class='ocrx_word' id='word_1_64' title='bbox 184 1303 312 1388; x_wconf 88' lang='lat' dir='ltr'>quando</span> <span class='ocrx_word' id='word_1_65' title='bbox 335 1309 538 1383; x_wconf 73' lang='lat' dir='ltr'>obiurpmuem</span> <span class='ocrx_word' id='word_1_66' title='bbox 561 1303 662 1369; x_wconf 88' lang='lat' dir='ltr'>Vetus</span> <span class='ocrx_word' id='word_1_67' title='bbox 684 1304 793 1388; x_wconf 86' lang='lat' dir='ltr'>habet,</span> <span class='ocrx_word' id='word_1_68' title='bbox 817 1310 974 1384; x_wconf 74' lang='lat' dir='ltr'>ohiupitem</span> <span class='ocrx_word' id='word_1_69' title='bbox 995 1305 1174 1371; x_wconf 79' lang='lat' dir='ltr'>Vaticanus</span> <span class='ocrx_word' id='word_1_70' title='bbox 1197 1328 1239 1371; x_wconf 92' lang='lat' dir='ltr'>m.</span> <span class='ocrx_word' id='word_1_71' title='bbox 1261 1298 1376 1391; x_wconf 44' lang='lat' dir='ltr'>pr&amp;</span> 
     </span>
     <span class='ocr_line' id='line_1_10' title="bbox 183 1413 1376 1500; baseline 0.003 -21"><span class='ocrx_word' id='word_1_72' title='bbox 183 1421 360 1494; x_wconf 74' lang='lat' dir='ltr'>obuirpitem</span> <span class='ocrx_word' id='word_1_73' title='bbox 388 1413 597 1479; x_wconf 83' lang='lat' dir='ltr'>Decurtatus:</span> <span class='ocrx_word' id='word_1_74' title='bbox 634 1415 718 1479; x_wconf 90' lang='lat' dir='ltr'>unde</span> <span class='ocrx_word' id='word_1_75' title='bbox 745 1415 780 1479; x_wconf 89' lang='lat' dir='ltr'>in</span> <span class='ocrx_word' id='word_1_76' title='bbox 807 1419 958 1500; x_wconf 88' lang='lat' dir='ltr'>promptu</span> <span class='ocrx_word' id='word_1_77' title='bbox 986 1419 1056 1480; x_wconf 87' lang='lat' dir='ltr'>orat</span> <span class='ocrx_word' id='word_1_78' title='bbox 1077 1416 1118 1480; x_wconf 89' lang='lat' dir='ltr'>ad</span> <span class='ocrx_word' id='word_1_79' title='bbox 1141 1414 1376 1482; x_wconf 55' lang='lat' dir='ltr'>consueta‘</span> 
     </span>
     <span class='ocr_line' id='line_1_11' title="bbox 185 1525 1376 1611; baseline 0.003 -22"><span class='ocrx_word' id='word_1_80' title='bbox 185 1525 307 1590; x_wconf 85' lang='lat' dir='ltr'>scilicet</span> <span class='ocrx_word' id='word_1_81' title='bbox 335 1525 554 1589; x_wconf 86' lang='lat' dir='ltr'>iteratirorum</span> <span class='ocrx_word' id='word_1_82' title='bbox 575 1526 765 1611; x_wconf 81' lang='lat' dir='ltr'>,analogiam</span> <span class='ocrx_word' id='word_1_83' title='bbox 791 1528 976 1590; x_wconf 87' lang='lat' dir='ltr'>revocatum</span> <span class='ocrx_word' id='word_1_84' title='bbox 997 1526 1129 1591; x_wconf 85' lang='lat' dir='ltr'>verbum</span> <span class='ocrx_word' id='word_1_85' title='bbox 1151 1529 1376 1611; x_wconf 58' lang='lat' dir='ltr'>procudu‘</span> 
     </span>
     <span class='ocr_line' id='line_1_12' title="bbox 184 1629 1376 1723; baseline 0.001 -22"><span class='ocrx_word' id='word_1_86' title='bbox 184 1643 371 1716; x_wconf 73' lang='lat' dir='ltr'>obiurpitem.</span> <span class='ocrx_word' id='word_1_87' title='bbox 416 1635 538 1700; x_wconf 86' lang='lat' dir='ltr'>Rursus</span> <span class='ocrx_word' id='word_1_88' title='bbox 572 1641 694 1720; x_wconf 78' lang='lat' dir='ltr'>autem,</span> <span class='ocrx_word' id='word_1_89' title='bbox 728 1638 755 1700; x_wconf 91' lang='lat' dir='ltr'>si</span> <span class='ocrx_word' id='word_1_90' title='bbox 788 1637 850 1701; x_wconf 92' lang='lat' dir='ltr'>hoc</span> <span class='ocrx_word' id='word_1_91' title='bbox 880 1658 973 1701; x_wconf 84' lang='lat' dir='ltr'>versu</span> <span class='ocrx_word' id='word_1_92' title='bbox 1005 1641 1169 1717; x_wconf 74' lang='lat' dir='ltr'>obiuripcm</span> <span class='ocrx_word' id='word_1_93' title='bbox 1198 1629 1357 1723; x_wconf 71' lang='lat' dir='ltr'>scripsi</span> <span class='ocrx_word' id='word_1_94' title='bbox 1362 1648 1376 1685; x_wconf 93' lang='lat'>:</span> 
     </span>
     <span class='ocr_line' id='line_1_13' title="bbox 184 1746 1376 1832; baseline 0.003 -22"><span class='ocrx_word' id='word_1_95' title='bbox 184 1746 326 1831; x_wconf 89' lang='lat' dir='ltr'>Plautus,</span> <span class='ocrx_word' id='word_1_96' title='bbox 352 1746 529 1811; x_wconf 83' lang='lat' dir='ltr'>eundemne</span> <span class='ocrx_word' id='word_1_97' title='bbox 551 1747 601 1813; x_wconf 90' lang='lat' dir='ltr'>vel</span> <span class='ocrx_word' id='word_1_98' title='bbox 623 1748 764 1832; x_wconf 88' lang='lat' dir='ltr'>potuisse</span> <span class='ocrx_word' id='word_1_99' title='bbox 780 1753 957 1827; x_wconf 75' lang='lat' dir='ltr'>obiurpr&#39;tcm</span> <span class='ocrx_word' id='word_1_100' title='bbox 978 1769 1098 1832; x_wconf 89' lang='lat' dir='ltr'>ponere</span> <span class='ocrx_word' id='word_1_101' title='bbox 1114 1748 1239 1813; x_wconf 87' lang='lat' dir='ltr'>duobus</span> <span class='ocrx_word' id='word_1_102' title='bbox 1262 1767 1376 1814; x_wconf 55' lang='lat' dir='ltr'>rer*</span> 
     </span>
     <span class='ocr_line' id='line_1_14' title="bbox 183 1858 1336 1925; baseline 0.003 -4"><span class='ocrx_word' id='word_1_103' title='bbox 183 1858 270 1922; x_wconf 88' lang='lat' dir='ltr'>sibus</span> <span class='ocrx_word' id='word_1_104' title='bbox 293 1861 369 1922; x_wconf 86' lang='lat' dir='ltr'>ante</span> <span class='ocrx_word' id='word_1_105' title='bbox 393 1858 556 1923; x_wconf 86' lang='lat' dir='ltr'>credemus</span> <span class='ocrx_word' id='word_1_106' title='bbox 578 1858 613 1922; x_wconf 90' lang='lat' dir='ltr'>in</span> <span class='ocrx_word' id='word_1_107' title='bbox 635 1862 729 1923; x_wconf 88' lang='lat' dir='ltr'>tanta</span> <span class='ocrx_word' id='word_1_108' title='bbox 744 1858 977 1923; x_wconf 85' lang='lat' dir='ltr'>sententiarum</span> <span class='ocrx_word' id='word_1_109' title='bbox 998 1859 1138 1923; x_wconf 85' lang='lat' dir='ltr'>invicem</span> <span class='ocrx_word' id='word_1_110' title='bbox 1160 1860 1225 1924; x_wconf 91' lang='lat' dir='ltr'>sibi</span> <span class='ocrx_word' id='word_1_111' title='bbox 1248 1860 1336 1925; x_wconf 77' lang='lat' dir='ltr'>relu-</span> 
     </span>
     <span class='ocr_line' id='line_1_15' title="bbox 183 1970 566 2055; baseline 0.005 -23"><span class='ocrx_word' id='word_1_112' title='bbox 183 1970 288 2033; x_wconf 89' lang='lat' dir='ltr'>tarum</span> <span class='ocrx_word' id='word_1_113' title='bbox 310 1970 566 2055; x_wconf 84' lang='lat' dir='ltr'>propinquitate:</span> 
     </span>
     <span class='ocr_line' id='line_1_16' title="bbox 1030 2109 1323 2184; baseline 0.014 -15"><span class='ocrx_word' id='word_1_114' title='bbox 1030 2110 1104 2170; x_wconf 72' lang='lat' dir='ltr'>can.</span> <span class='ocrx_word' id='word_1_115' title='bbox 1127 2109 1208 2181; x_wconf 82' lang='lat' dir='ltr'>Quid</span> <span class='ocrx_word' id='word_1_116' title='bbox 1224 2113 1323 2184; x_wconf 75' lang='lat' dir='ltr'>venis?</span> 
     </span>
     <span class='ocr_line' id='line_1_17' title="bbox 268 2195 1233 2274; baseline 0.001 -20"><span class='ocrx_word' id='word_1_117' title='bbox 268 2197 351 2255; x_wconf 76' lang='lat' dir='ltr'>Meo.</span> <span class='ocrx_word' id='word_1_118' title='bbox 375 2195 463 2255; x_wconf 89' lang='lat' dir='ltr'>Malis</span> <span class='ocrx_word' id='word_1_119' title='bbox 486 2199 515 2254; x_wconf 89' lang='lat' dir='ltr'>tc</span> <span class='ocrx_word' id='word_1_120' title='bbox 536 2199 571 2253; x_wconf 85' lang='lat' dir='ltr'>ut</span> <span class='ocrx_word' id='word_1_121' title='bbox 592 2197 691 2256; x_wconf 88' lang='lat' dir='ltr'>verbis</span> <span class='ocrx_word' id='word_1_122' title='bbox 710 2196 815 2256; x_wconf 87' lang='lat' dir='ltr'>multis</span> <span class='ocrx_word' id='word_1_123' title='bbox 837 2197 967 2254; x_wconf 90' lang='lat' dir='ltr'>multum</span> <span class='ocrx_word' id='word_1_124' title='bbox 989 2195 1233 2274; x_wconf 84' lang='lat' dir='ltr'>obiurgitem.</span> 
     </span>
    </p>
   </div>
   <div class='ocr_carea' id='block_1_5' title="bbox 269 2280 1325 2444">
    <p class='ocr_par' dir='ltr' id='par_1_5' title="bbox 269 2280 1325 2444">
     <span class='ocr_line' id='line_1_18' title="bbox 270 2280 1325 2358; baseline 0.004 -20"><span class='ocrx_word' id='word_1_125' title='bbox 270 2280 342 2338; x_wconf 78' lang='lat' dir='ltr'>Can.</span> <span class='ocrx_word' id='word_1_126' title='bbox 367 2280 457 2338; x_wconf 78' lang='lat' dir='ltr'>Men?</span> <span class='ocrx_word' id='word_1_127' title='bbox 492 2282 576 2340; x_wconf 78' lang='lat' dir='ltr'>Mac.</span> <span class='ocrx_word' id='word_1_128' title='bbox 600 2283 742 2357; x_wconf 85' lang='lat' dir='ltr'>numquis</span> <span class='ocrx_word' id='word_1_129' title='bbox 758 2284 803 2341; x_wconf 88' lang='lat' dir='ltr'>cst</span> <span class='ocrx_word' id='word_1_130' title='bbox 818 2281 866 2340; x_wconf 93' lang='lat' dir='ltr'>hic</span> <span class='ocrx_word' id='word_1_131' title='bbox 882 2281 958 2339; x_wconf 86' lang='lat' dir='ltr'>alius</span> <span class='ocrx_word' id='word_1_132' title='bbox 974 2283 1092 2356; x_wconf 88' lang='lat' dir='ltr'>praeter</span> <span class='ocrx_word' id='word_1_133' title='bbox 1106 2301 1154 2340; x_wconf 91' lang='lat' dir='ltr'>mo</span> <span class='ocrx_word' id='word_1_134' title='bbox 1170 2285 1264 2358; x_wconf 85' lang='lat' dir='ltr'>atque</span> <span class='ocrx_word' id='word_1_135' title='bbox 1280 2288 1325 2342; x_wconf 79' lang='lat' dir='ltr'>lc&#39;?</span> 
     </span>
     <span class='ocr_line' id='line_1_19' title="bbox 269 2364 1325 2444; baseline 0.004 -20"><span class='ocrx_word' id='word_1_136' title='bbox 269 2364 343 2424; x_wconf 78' lang='lat' dir='ltr'>Oen.</span> <span class='ocrx_word' id='word_1_137' title='bbox 361 2366 497 2426; x_wconf 87' lang='lat' dir='ltr'>Nemost.</span> <span class='ocrx_word' id='word_1_138' title='bbox 520 2366 604 2428; x_wconf 78' lang='lat' dir='ltr'>naa.</span> <span class='ocrx_word' id='word_1_139' title='bbox 621 2367 694 2442; x_wconf 89' lang='lat' dir='ltr'>quid</span> <span class='ocrx_word' id='word_1_140' title='bbox 709 2369 744 2425; x_wconf 93' lang='lat' dir='ltr'>tu</span> <span class='ocrx_word' id='word_1_141' title='bbox 760 2367 855 2444; x_wconf 82' lang='lat' dir='ltr'>igitur</span> <span class='ocrx_word' id='word_1_142' title='bbox 868 2367 992 2444; x_wconf 79' lang='lat' dir='ltr'>rogitas,</span> <span class='ocrx_word' id='word_1_143' title='bbox 1009 2369 1078 2424; x_wconf 89' lang='lat' dir='ltr'>tene</span> <span class='ocrx_word' id='word_1_144' title='bbox 1094 2366 1325 2444; x_wconf 81' lang='lat' dir='ltr'>obiurigcm‘?</span> 
     </span>
    </p>
   </div>
   <div class='ocr_carea' id='block_1_6' title="bbox 184 2529 1341 3609">
    <p class='ocr_par' dir='ltr' id='par_1_6' title="bbox 184 2529 1338 3387">
     <span class='ocr_line' id='line_1_20' title="bbox 184 2529 1328 2617; baseline 0.001 -21"><span class='ocrx_word' id='word_1_145' title='bbox 184 2533 290 2616; x_wconf 84' lang='lat' dir='ltr'>Atque</span> <span class='ocrx_word' id='word_1_146' title='bbox 315 2553 355 2595; x_wconf 90' lang='lat' dir='ltr'>ne</span> <span class='ocrx_word' id='word_1_147' title='bbox 379 2534 484 2595; x_wconf 85' lang='lat' dir='ltr'>exst-at</span> <span class='ocrx_word' id='word_1_148' title='bbox 511 2531 637 2614; x_wconf 87' lang='lat' dir='ltr'>quidem</span> <span class='ocrx_word' id='word_1_149' title='bbox 666 2531 719 2595; x_wconf 86' lang='lat' dir='ltr'>hie</span> <span class='ocrx_word' id='word_1_150' title='bbox 746 2533 780 2595; x_wconf 92' lang='lat' dir='ltr'>in</span> <span class='ocrx_word' id='word_1_151' title='bbox 804 2530 961 2595; x_wconf 84' lang='lat' dir='ltr'>Palatinis</span> <span class='ocrx_word' id='word_1_152' title='bbox 990 2529 1080 2594; x_wconf 89' lang='lat' dir='ltr'>libris</span> <span class='ocrx_word' id='word_1_153' title='bbox 1103 2529 1328 2617; x_wconf 87' lang='lat' dir='ltr'>Vaticanoque</span> 
     </span>
     <span class='ocr_line' id='line_1_21' title="bbox 184 2641 1330 2728; baseline 0.002 -23"><span class='ocrx_word' id='word_1_154' title='bbox 184 2641 456 2728; x_wconf 89' lang='lat' dir='ltr'>quadrisyllabum</span> <span class='ocrx_word' id='word_1_155' title='bbox 478 2642 682 2725; x_wconf 78' lang='lat' dir='ltr'>vocabulum,</span> <span class='ocrx_word' id='word_1_156' title='bbox 712 2642 794 2726; x_wconf 92' lang='lat' dir='ltr'>quod</span> <span class='ocrx_word' id='word_1_157' title='bbox 818 2641 1167 2707; x_wconf 79' lang='lat' dir='ltr'>Camerariusdemnm</span> <span class='ocrx_word' id='word_1_158' title='bbox 1191 2642 1330 2726; x_wconf 81' lang='lat' dir='ltr'>invexit,</span> 
     </span>
     <span class='ocr_line' id='line_1_22' title="bbox 185 2750 1331 2836; baseline 0.002 -20"><span class='ocrx_word' id='word_1_159' title='bbox 185 2753 240 2817; x_wconf 87' lang='lat' dir='ltr'>sed</span> <span class='ocrx_word' id='word_1_160' title='bbox 269 2753 308 2816; x_wconf 90' lang='lat' dir='ltr'>ad</span> <span class='ocrx_word' id='word_1_161' title='bbox 334 2754 502 2816; x_wconf 84' lang='lat' dir='ltr'>veritatem</span> <span class='ocrx_word' id='word_1_162' title='bbox 531 2752 661 2836; x_wconf 90' lang='lat' dir='ltr'>propius</span> <span class='ocrx_word' id='word_1_163' title='bbox 689 2752 843 2816; x_wconf 88' lang='lat' dir='ltr'>accedens</span> <span class='ocrx_word' id='word_1_164' title='bbox 877 2752 981 2835; x_wconf 91' lang='lat' dir='ltr'>ipsum</span> <span class='ocrx_word' id='word_1_165' title='bbox 1010 2750 1145 2834; x_wconf 88' lang='lat' dir='ltr'>simplex</span> <span class='ocrx_word' id='word_1_166' title='bbox 1174 2758 1331 2833; x_wconf 72' lang='lat' dir='ltr'>obirrrqcm</span> 
     </span>
     <span class='ocr_line' id='line_1_23' title="bbox 185 2861 1334 2946; baseline 0.003 -20"><span class='ocrx_word' id='word_1_167' title='bbox 185 2861 248 2946; x_wconf 85' lang='lat' dir='ltr'>(vel</span> <span class='ocrx_word' id='word_1_168' title='bbox 275 2868 442 2944; x_wconf 65' lang='lat' dir='ltr'>obstruens)</span> <span class='ocrx_word' id='word_1_169' title='bbox 471 2864 612 2927; x_wconf 85' lang='lat' dir='ltr'>verbnm.</span> <span class='ocrx_word' id='word_1_170' title='bbox 665 2863 782 2938; x_wconf 81' lang='lat' dir='ltr'>Quodsi</span> <span class='ocrx_word' id='word_1_171' title='bbox 810 2861 993 2926; x_wconf 77' lang='lat' dir='ltr'>iterativum</span> <span class='ocrx_word' id='word_1_172' title='bbox 1021 2862 1160 2925; x_wconf 84' lang='lat' dir='ltr'>formam</span> <span class='ocrx_word' id='word_1_173' title='bbox 1188 2863 1236 2927; x_wconf 92' lang='lat' dir='ltr'>ibi</span> <span class='ocrx_word' id='word_1_174' title='bbox 1272 2866 1334 2929; x_wconf 82' lang='lat' dir='ltr'>visi</span> 
     </span>
     <span class='ocr_line' id='line_1_24' title="bbox 185 2971 1334 3058; baseline 0.003 -23"><span class='ocrx_word' id='word_1_175' title='bbox 185 2995 292 3036; x_wconf 87' lang='lat' dir='ltr'>sumus</span> <span class='ocrx_word' id='word_1_176' title='bbox 312 2973 348 3036; x_wconf 92' lang='lat' dir='ltr'>in</span> <span class='ocrx_word' id='word_1_177' title='bbox 364 2973 577 3039; x_wconf 81' lang='lat' dir='ltr'>Ambrosiano</span> <span class='ocrx_word' id='word_1_178' title='bbox 600 2975 717 3058; x_wconf 84' lang='lat' dir='ltr'>legere,</span> <span class='ocrx_word' id='word_1_179' title='bbox 742 2978 796 3037; x_wconf 89' lang='lat' dir='ltr'>aut</span> <span class='ocrx_word' id='word_1_180' title='bbox 817 2973 911 3037; x_wconf 86' lang='lat' dir='ltr'>aliter</span> <span class='ocrx_word' id='word_1_181' title='bbox 932 2973 1076 3056; x_wconf 84' lang='lat' dir='ltr'>peccavit</span> <span class='ocrx_word' id='word_1_182' title='bbox 1097 2971 1150 3035; x_wconf 86' lang='lat' dir='ltr'>hio</span> <span class='ocrx_word' id='word_1_183' title='bbox 1166 2971 1334 3055; x_wconf 88' lang='lat' dir='ltr'>librarius,</span> 
     </span>
     <span class='ocr_line' id='line_1_25' title="bbox 185 3081 1337 3168; baseline 0.003 -23"><span class='ocrx_word' id='word_1_184' title='bbox 185 3086 240 3146; x_wconf 91' lang='lat' dir='ltr'>aut</span> <span class='ocrx_word' id='word_1_185' title='bbox 263 3082 382 3167; x_wconf 89' lang='lat' dir='ltr'>aliquid</span> <span class='ocrx_word' id='word_1_186' title='bbox 404 3085 605 3168; x_wconf 76' lang='lat' dir='ltr'>peccarimus</span> <span class='ocrx_word' id='word_1_187' title='bbox 627 3084 700 3168; x_wconf 82' lang='lat' dir='ltr'>ipsi,</span> <span class='ocrx_word' id='word_1_188' title='bbox 725 3088 810 3148; x_wconf 86' lang='lat' dir='ltr'>recte</span> <span class='ocrx_word' id='word_1_189' title='bbox 832 3085 983 3168; x_wconf 88' lang='lat' dir='ltr'>quattuor</span> <span class='ocrx_word' id='word_1_190' title='bbox 1004 3104 1062 3166; x_wconf 91' lang='lat' dir='ltr'>pro</span> <span class='ocrx_word' id='word_1_191' title='bbox 1076 3081 1179 3146; x_wconf 89' lang='lat' dir='ltr'>tribus</span> <span class='ocrx_word' id='word_1_192' title='bbox 1195 3083 1337 3167; x_wconf 77' lang='lat' dir='ltr'>syllabis</span> 
     </span>
     <span class='ocr_line' id='line_1_26' title="bbox 185 3193 1338 3277; baseline 0.003 -20"><span class='ocrx_word' id='word_1_193' title='bbox 185 3193 356 3277; x_wconf 82' lang='lat' dir='ltr'>expiscati,</span> <span class='ocrx_word' id='word_1_194' title='bbox 387 3217 452 3258; x_wconf 89' lang='lat' dir='ltr'>non</span> <span class='ocrx_word' id='word_1_195' title='bbox 475 3198 561 3259; x_wconf 87' lang='lat' dir='ltr'>reete</span> <span class='ocrx_word' id='word_1_196' title='bbox 583 3195 655 3259; x_wconf 88' lang='lat' dir='ltr'>illas</span> <span class='ocrx_word' id='word_1_197' title='bbox 679 3212 898 3259; x_wconf 83' lang='lat' dir='ltr'>omvaorrsn</span> <span class='ocrx_word' id='word_1_198' title='bbox 928 3215 986 3277; x_wconf 89' lang='lat' dir='ltr'>pro</span> <span class='ocrx_word' id='word_1_199' title='bbox 1009 3208 1208 3258; x_wconf 83' lang='lat' dir='ltr'>omvmomr</span> <span class='ocrx_word' id='word_1_200' title='bbox 1233 3194 1338 3260; x_wconf 85' lang='lat' dir='ltr'>inter·</span> 
     </span>
     <span class='ocr_line' id='line_1_27' title="bbox 184 3305 313 3387; baseline 0.023 -22"><span class='ocrx_word' id='word_1_201' title='bbox 184 3305 313 3387; x_wconf 87' lang='lat' dir='ltr'>pretati.</span> 
     </span>
    </p>

    <p class='ocr_par' dir='ltr' id='par_1_7' title="bbox 185 3414 1341 3609">
     <span class='ocr_line' id='line_1_28' title="bbox 269 3414 1340 3499; baseline 0.005 -21"><span class='ocrx_word' id='word_1_202' title='bbox 269 3414 368 3479; x_wconf 86' lang='lat' dir='ltr'>lactis</span> <span class='ocrx_word' id='word_1_203' title='bbox 402 3416 621 3480; x_wconf 79' lang='lat' dir='ltr'>fundamentis</span> <span class='ocrx_word' id='word_1_204' title='bbox 654 3417 871 3499; x_wconf 86' lang='lat' dir='ltr'>superstruere</span> <span class='ocrx_word' id='word_1_205' title='bbox 903 3414 980 3479; x_wconf 90' lang='lat' dir='ltr'>licet</span> <span class='ocrx_word' id='word_1_206' title='bbox 1013 3435 1093 3498; x_wconf 90' lang='lat' dir='ltr'>quae</span> <span class='ocrx_word' id='word_1_207' title='bbox 1127 3415 1270 3479; x_wconf 85' lang='lat' dir='ltr'>eandem</span> <span class='ocrx_word' id='word_1_208' title='bbox 1303 3418 1340 3483; x_wconf 93' lang='lat' dir='ltr'>in</span> 
     </span>
     <span class='ocr_line' id='line_1_29' title="bbox 185 3523 1341 3609; baseline 0.002 -20"><span class='ocrx_word' id='word_1_209' title='bbox 185 3528 310 3609; x_wconf 88' lang='lat' dir='ltr'>partem</span> <span class='ocrx_word' id='word_1_210' title='bbox 332 3525 442 3589; x_wconf 85' lang='lat' dir='ltr'>valens</span> <span class='ocrx_word' id='word_1_211' title='bbox 465 3526 534 3589; x_wconf 88' lang='lat' dir='ltr'>sine</span> <span class='ocrx_word' id='word_1_212' title='bbox 556 3527 748 3591; x_wconf 85' lang='lat' dir='ltr'>testimoniis</span> <span class='ocrx_word' id='word_1_213' title='bbox 771 3526 974 3590; x_wconf 87' lang='lat' dir='ltr'>ratiocinatio</span> <span class='ocrx_word' id='word_1_214' title='bbox 996 3524 1103 3591; x_wconf 87' lang='lat' dir='ltr'>addat.</span> <span class='ocrx_word' id='word_1_215' title='bbox 1146 3523 1223 3588; x_wconf 89' lang='lat' dir='ltr'>Duo</span> <span class='ocrx_word' id='word_1_216' title='bbox 1248 3527 1341 3591; x_wconf 89' lang='lat' dir='ltr'>enim</span> 
     </span>
    </p>
   </div>
   <div class='ocr_carea' id='block_1_7' title="bbox 186 3635 1341 3830">
    <p class='ocr_par' dir='ltr' id='par_1_8' title="bbox 186 3635 1341 3830">
     <span class='ocr_line' id='line_1_30' title="bbox 186 3635 1341 3721; baseline 0.003 -23"><span class='ocrx_word' id='word_1_217' title='bbox 186 3658 295 3699; x_wconf 86' lang='lat' dir='ltr'>versus</span> <span class='ocrx_word' id='word_1_218' title='bbox 323 3638 413 3718; x_wconf 84' lang='lat' dir='ltr'>sunt,</span> <span class='ocrx_word' id='word_1_219' title='bbox 445 3636 559 3700; x_wconf 90' lang='lat' dir='ltr'>misere</span> <span class='ocrx_word' id='word_1_220' title='bbox 589 3637 692 3700; x_wconf 91' lang='lat' dir='ltr'>claudi</span> <span class='ocrx_word' id='word_1_221' title='bbox 720 3637 832 3721; x_wconf 80' lang='lat' dir='ltr'>vulgo,</span> <span class='ocrx_word' id='word_1_222' title='bbox 866 3637 920 3721; x_wconf 93' lang='lat' dir='ltr'>qui</span> <span class='ocrx_word' id='word_1_223' title='bbox 949 3656 1014 3699; x_wconf 89' lang='lat' dir='ltr'>una</span> <span class='ocrx_word' id='word_1_224' title='bbox 1040 3635 1164 3699; x_wconf 85' lang='lat' dir='ltr'>inserta</span> <span class='ocrx_word' id='word_1_225' title='bbox 1187 3641 1201 3698; x_wconf 79' lang='grc' dir='ltr'><strong><em>ἰ</em></strong></span> <span class='ocrx_word' id='word_1_226' title='bbox 1223 3635 1341 3702; x_wconf 86' lang='lat' dir='ltr'>littera</span> 
     </span>
     <span class='ocr_line' id='line_1_31' title="bbox 186 3744 1341 3830; baseline 0.003 -21"><span class='ocrx_word' id='word_1_227' title='bbox 186 3745 252 3809; x_wconf 93' lang='lat' dir='ltr'>talo</span> <span class='ocrx_word' id='word_1_228' title='bbox 278 3746 410 3809; x_wconf 88' lang='lat' dir='ltr'>stabunt</span> <span class='ocrx_word' id='word_1_229' title='bbox 436 3747 629 3830; x_wconf 82' lang='lat' dir='ltr'>rectissimo,</span> <span class='ocrx_word' id='word_1_230' title='bbox 658 3746 854 3811; x_wconf 85' lang='lat' dir='ltr'>Bacchidum</span> <span class='ocrx_word' id='word_1_231' title='bbox 885 3745 967 3810; x_wconf 82' lang='lat'>1020</span> <span class='ocrx_word' id='word_1_232' title='bbox 994 3749 1027 3810; x_wconf 90' lang='lat' dir='ltr'>et</span> <span class='ocrx_word' id='word_1_233' title='bbox 1053 3744 1251 3810; x_wconf 87' lang='lat' dir='ltr'>Mercatoris</span> <span class='ocrx_word' id='word_1_234' title='bbox 1278 3749 1341 3813; x_wconf 79' lang='lat'>46:</span> 
     </span>
    </p>
   </div>
   <div class='ocr_carea' id='block_1_8' title="bbox 271 3887 937 4048">
    <p class='ocr_par' dir='ltr' id='par_1_9' title="bbox 271 3887 937 4048">
     <span class='ocr_line' id='line_1_32' title="bbox 271 3887 937 3965; baseline 0.005 -21"><span class='ocrx_word' id='word_1_235' title='bbox 271 3888 319 3945; x_wconf 83' lang='lat' dir='ltr'>Me</span> <span class='ocrx_word' id='word_1_236' title='bbox 342 3887 526 3965; x_wconf 78' lang='lat' dir='ltr'>obiurigavit</span> <span class='ocrx_word' id='word_1_237' title='bbox 549 3890 695 3964; x_wconf 78' lang='lat' dir='ltr'>plurumis</span> <span class='ocrx_word' id='word_1_238' title='bbox 719 3889 818 3947; x_wconf 83' lang='lat' dir='ltr'>verbis</span> <span class='ocrx_word' id='word_1_239' title='bbox 840 3888 937 3947; x_wconf 84' lang='lat' dir='ltr'>malis.</span> 
     </span>
     <span class='ocr_line' id='line_1_33' title="bbox 272 3972 925 4048; baseline 0.002 -17"><span class='ocrx_word' id='word_1_240' title='bbox 272 3972 450 4048; x_wconf 80' lang='lat' dir='ltr'>Obidrigaro</span> <span class='ocrx_word' id='word_1_241' title='bbox 472 3977 559 4047; x_wconf 81' lang='lat' dir='ltr'>pater</span> <span class='ocrx_word' id='word_1_242' title='bbox 579 3975 652 4033; x_wconf 87' lang='lat' dir='ltr'>haec</span> <span class='ocrx_word' id='word_1_243' title='bbox 673 3978 776 4033; x_wconf 83' lang='lat' dir='ltr'>noct-es</span> <span class='ocrx_word' id='word_1_244' title='bbox 800 3976 830 4032; x_wconf 81' lang='lat' dir='ltr'>et</span> <span class='ocrx_word' id='word_1_245' title='bbox 852 3974 925 4032; x_wconf 86' lang='lat' dir='ltr'>dies.</span> 
     </span>
    </p>
   </div>
   <div class='ocr_carea' id='block_1_9' title="bbox 186 4220 1341 4385">
    <p class='ocr_par' dir='ltr' id='par_1_10' title="bbox 186 4220 1341 4385">
     <span class='ocr_line' id='line_1_34' title="bbox 255 4220 1341 4293; baseline 0.003 -17"><span class='ocrx_word' id='word_1_246' title='bbox 255 4224 279 4288; x_wconf 67' lang='lat' dir='ltr'>*l</span> <span class='ocrx_word' id='word_1_247' title='bbox 305 4222 371 4292; x_wconf 83' lang='lat' dir='ltr'>[Eas</span> <span class='ocrx_word' id='word_1_248' title='bbox 393 4221 502 4276; x_wconf 87' lang='lat' dir='ltr'>litteras</span> <span class='ocrx_word' id='word_1_249' title='bbox 524 4223 600 4293; x_wconf 87' lang='lat' dir='ltr'>ipsas</span> <span class='ocrx_word' id='word_1_250' title='bbox 619 4222 672 4277; x_wconf 84' lang='lat' dir='ltr'>sibi</span> <span class='ocrx_word' id='word_1_251' title='bbox 691 4223 851 4292; x_wconf 82' lang='lat' dir='ltr'>apparuisse</span> <span class='ocrx_word' id='word_1_252' title='bbox 869 4220 1077 4276; x_wconf 84' lang='lat' dir='ltr'>Studemundus</span> <span class='ocrx_word' id='word_1_253' title='bbox 1094 4221 1221 4276; x_wconf 84' lang='lat' dir='ltr'>testatur</span> <span class='ocrx_word' id='word_1_254' title='bbox 1240 4224 1259 4277; x_wconf 94' lang='lat' dir='ltr'>l.</span> <span class='ocrx_word' id='word_1_255' title='bbox 1280 4244 1300 4278; x_wconf 85' lang='lat' dir='ltr'>s.</span> <span class='ocrx_word' id='word_1_256' title='bbox 1320 4246 1341 4280; x_wconf 77' lang='lat' dir='ltr'>s.</span> 
     </span>
     <span class='ocr_line' id='line_1_35' title="bbox 186 4314 304 4385; baseline 0.034 -20"><span class='ocrx_word' id='word_1_257' title='bbox 186 4331 213 4385; x_wconf 87' lang='lat' dir='ltr'>p.</span> <span class='ocrx_word' id='word_1_258' title='bbox 233 4314 304 4384; x_wconf 70' lang='lat'>585]</span> 
     </span>
    </p>
   </div>
   <div class='ocr_carea' id='block_1_10' title="bbox 0 0 1433 5032">
    <p class='ocr_par' dir='ltr' id='par_1_11' title="bbox 0 0 1433 5032">
     <span class='ocr_line' id='line_1_36' title="bbox 0 0 1433 5032; baseline 0 0"><span class='ocrx_word' id='word_1_259' title='bbox 0 0 1433 5032; x_wconf 95' lang='lat' dir='ltr'> </span> 
     </span>
    </p>
   </div>
  </div>
 </body>
</html>
