2850 5032
559 558 657 670 IX.

134 762 190 858 lic
220 756 438 883 argumento
469 761 675 856 acrostiolo
706 760 829 854 Militis
858 759 1077 879 gloriose)

534 987 684 996 ———

120 1137 230 1225 Digna
244 1141 294 1202 est
315 1137 471 1222 profecto,
495 1159 576 1222 quae
592 1140 664 1220 post
684 1136 835 1201 leviorem
851 1137 993 1202 virorum
1015 1137 1151 1202 doctoru

35 1271 166 1335 operam
188 1248 336 1313 subtilius
369 1250 598 1332 pertrdctetur‚
622 1247 811 1330 neutiquam
832 1246 924 1312 exilis
946 1248 1095 1332 quaestio
1117 1247 1196 1313 illd

35 1382 117 1444 quae
150 1365 199 1424 est
231 1361 270 1424 de
303 1363 631 1444 argumentorum
653 1357 860 1422 Plautinis
892 1357 1048 1422 sabulis
1075 1380 1149 1442 pra
1186 1403 1196 1411 .-

35 1472 245 1535 missorum
279 1472 385 1534 aetate
415 1473 447 1533 et
469 1468 661 1553 origine.**)
705 1467 792 1543 Quae
815 1468 949 1533 fuerunt
970 1469 1025 1552 qui
1047 1468 1100 1532 vel
1122 1469 1196 1553 ig

36 1580 151 1644 Plauto
173 1576 227 1645 vel'
245 1578 386 1644 Varroni
408 1578 459 1643 vel
495 1579 523 1642 si
547 1578 598 1642 cui
620 1578 675 1642 alii
704 1600 743 1641 ex
765 1578 1000 1663 antiquioribus
1023 1599 1092 1643 non
1116 1577 1196 1641 si·-

103 1819 129 1887 *)
164 1817 350 1887 [Prooemium
372 1815 474 1870 Indicis
502 1816 659 1870 scholarum
688 1817 868 1871 hibernarum
897 1815 1090 1871 Bonnensium
1121 1833 1196 1870 a-

36 1910 257 1967 cralocccxul
275 1913 304 1964 et
320 1909 414 1979 XLII.]

103 2006 144 2075 **)
168 2005 244 2075 [llius
262 2003 447 2073 quaestionis,
470 2003 608 2071 adquam
625 2004 679 2057 hoc
695 2003 755 2073 ipso
773 2003 917 2074 prooemio
935 2003 1011 2058 volui
1030 2001 1107 2058 viam
1124 2020 1196 2056 ππ

35 2097 97 2166 uiri,
111 2115 220 2152 summa
232 2097 326 2167 capita
337 2097 434 2167 paucis
447 2095 607 2167 complexus
620 2114 681 2150 aum
694 2097 916 2166 Prolegomenon
928 2116 955 2168 p.
970 2096 1104 2151 cccxii
1115 2115 1196 2166 sq

36 2192 83 2246 ubi
103 2194 132 2246 et
149 2190 306 2246 acrosticha
323 2192 490 2259 argumenta
511 2192 541 2244 et
557 2207 613 2244 non
631 2190 787 2245 acrosticba
804 2190 1008 2244 Antoninorum
1026 2193 1117 2245 aetati
1140 2192 1193 2242 t

36 2285 83 2339 bui
103 2302 153 2339 nec
175 2283 355 2353 improbabili
378 2285 499 2353 utputo
521 2283 681 2338 coniectura
703 2284 841 2354 posterius
863 2301 952 2353 genus
973 2284 1011 2338 ad
1029 2283 1180 2353 Sulpici1

35 2378 226 2447 Apollinarem
243 2377 346 2431 rettuli.
372 2379 412 2430 Ac
429 2377 465 2430 de
482 2376 525 2431 bis
543 2376 655 2445 quidem
672 2394 754 2431 nemo
773 2378 847 2447 quod
865 2377 951 2432 sciam
968 2385 1069 2432 contra
1086 2395 1174 2432 sema

36 2471 255 2525 acrostichorum
267 2462 361 2525 autein
373 2488 429 2525 nou
442 2471 565 2525 aetatem
578 2472 687 2524 tantum
698 2471 783 2541 longe
795 2471 981 2540 antiquiorem
994 2472 1127 2542 probare,
1139 2488 1168 2524 sc

35 2565 125 2634 ipsum
145 2564 310 2634 scriptorem
333 2566 489 2618 monstrare
506 2580 587 2634 posse
609 2565 783 2619 Aurelium
800 2565 879 2619 illum
897 2563 1065 2635 Opillium
1089 2568 1157 2633 (que

35 2675 84 2711 suo
108 2658 220 2712 invento
244 2660 403 2715 Aurellium
427 2657 534 2725 scribit)
558 2658 684 2712 Osannus
706 2658 759 2713 sibi
781 2658 855 2712 visus
877 2660 921 2712 est
944 2657 973 2711 in
991 2657 1107 2712 Diumis
1130 2675 1150 2713 a

34 2751 83 2818 tiq.
109 2751 181 2806 stud.
206 2769 230 2806 a.
253 2757 317 2804 1849
344 2770 370 2821 p.
394 2757 440 2805 193
463 2768 537 2819 sqq.:
568 2751 644 2805 ouius
666 2751 760 2805 iudicii
782 2752 870 2822 priori
891 2752 991 2806 saltem
1021 2752 1098 2822 parti
1120 2770 1138 2805 cr

35 2843 83 2898 alii
101 2846 276 2899 accesserunt
293 2846 352 2897 tum
370 2844 563 2898 Fleckeisenus
581 2862 658 2898 meus
675 2845 825 2898 Annalium
843 2861 954 2899 suorum
966 2847 986 2898 t.
1001 2852 1035 2899 93
1055 2846 1090 2911 (a.
1106 2850 1132 2899 lt

34 2957 61 3008 p.
76 2945 99 2992 9.
130 2938 221 2992 Meam
239 2942 334 2992 autom
346 2937 564 3006 disputationem
582 2939 660 2992 illam
678 2956 740 2992 cum
759 2939 841 2993 hodie
859 2939 1022 3008 intellegam
1040 2957 1108 2993 sane

34 3032 75 3085 ita
92 3032 159 3086 satis
177 3033 277 3097 iacere,
296 3031 363 3100 quin
381 3031 458 3085 novis
477 3032 549 3086 curis
566 3033 717 3086 retexenda
735 3032 863 3087 videatur
875 3035 904 3086 et
921 3034 1068 3114 tamquam
1087 3033 1114 3086 dc

34 3128 115 3193 tegre
133 3124 305 3179 instituenda
323 3125 362 3192 (id
381 3126 455 3193 quod
472 3144 524 3195 per
542 3126 623 3179 huius
640 3126 694 3180 loci
712 3126 856 3195 angustias
879 3125 938 3179 fieri
955 3143 1012 3181 nou
1030 3145 1104 3196 poss

34 3222 135 3286 paret),
154 3219 249 3273 tamen
267 3218 394 3272 Osannus
413 3219 525 3287 quidem
544 3219 706 3274 incredibile
725 3219 801 3273 dictu
820 3222 862 3274 est
880 3227 1013 3289 quantam
1032 3221 1095 3274 eti

35 3310 104 3364 trico
131 3328 234 3379 genere
259 3311 385 3366 universo
408 3313 466 3366 sive
490 3312 660 3382 imperitiam
682 3313 738 3367 sive
757 3313 899 3381 ignaviam
917 3314 946 3367 et
963 3313 991 3366 iu
1010 3315 1086 3367 antic

35 3402 145 3468 linguae
163 3404 312 3458 iudicanda
329 3405 519 3475 ignorantiam
538 3406 613 3459 etin
631 3406 745 3475 singulis
770 3406 948 3461 discutiendis
966 3406 1075 3476 incogit

34 3496 201 3564 prodiderit:
225 3516 240 3552 e
260 3499 336 3552 cuius
354 3500 480 3568 exemplo
498 3500 542 3553 rel
560 3500 599 3553 illi
618 3500 723 3554 discere
742 3500 830 3553 multa
847 3501 1020 3568 multumque
1037 3517 1069 3570 pc

35 3589 81 3654 qui
100 3590 217 3644 cuiusvis
240 3591 368 3646 licentiae
392 3594 606 3659 emaculandae,
634 3594 751 3647 cuiusuis
778 3594 848 3647 adeo
871 3593 1002 3648 scabritie
1019 3596 1061 3663 pa'

34 3680 116 3733 hodie
140 3700 268 3737 suasores
293 3685 460 3740 exstiterunt
487 3687 625 3754 ducesque
648 3691 677 3742 et
695 3687 844 3757 magistros
862 3706 922 3740 sese
940 3688 1039 3742 baberi

35 3771 117 3826 Velut
130 3776 191 3840 quis
203 3794 258 3829 nou
272 3778 424 3832 demiretur
437 3782 599 3837 Pseudolus
612 3783 729 3835 sormam
749 3798 800 3850 pro
813 3798 847 3835 ea
864 3799 936 3848 quae
955 3783 1029 3835 essct
