2894 5040
498 122 715 185 vnamoovul
738 121 925 171 ruavvuva.
1218 104 1282 169 433

144 294 276 357 pronus
300 277 446 363 ignorat,
479 277 563 361 apud
590 300 683 363 quem
710 279 844 343 noviens
867 297 1006 356 pctrparc
1033 277 1155 351 exstat,
1185 272 1282 338 semel

143 394 297 469 maneb,
319 389 370 452 ter
385 408 579 467 exparpore:
603 409 665 472 quo
688 389 812 453 accedit
834 387 917 472 quod
939 387 1073 451 eandem
1097 385 1181 450 circa
1197 383 1281 447 idem

147 496 271 579 tenpus
290 498 334 584 (si
353 502 440 562 recte
463 497 655 562 coniecimus
671 498 774 563 Musei
795 498 897 563 nostri
912 501 937 567 t.
953 496 1001 561 IX
1015 520 1047 581 p.
1067 496 1137 579 160)
1161 495 1282 559 factum

152 608 253 672 senati
276 607 456 673 consultum
482 608 522 673 de
543 608 730 674 Tiburtibus
758 612 880 691 servat,
908 608 1027 692 inquo
1056 606 1282 689 scriptumest

154 732 891 811 eruvsomgnn-annvsvospvacavusrrs
915 722 948 782 et
968 730 1280 782 naumis-uanas·

157 840 633 895 surarum-Pvsseannasrrs:
673 831 729 894 sed
751 830 835 914 apud
870 829 972 913 ipsum
1002 827 1151 892 Plautum
1184 849 1283 890 unum

160 942 238 1003 certe
260 941 487 1006 contractionis
514 941 701 1025 exemplum·
722 939 817 1024 plane
846 961 913 1006 non
941 943 1178 1004 controversum
1204 935 1281 1001 illud

161 1050 211 1109 est
225 1048 314 1117 Stichi
337 1074 368 1115 v.
391 1050 470 1118 359:

270 1187 341 1252 'Alii
362 1193 452 1269 piscis
475 1194 651 1272 depurgata,
676 1195 750 1271 quds
773 1195 906 1270 piscator
928 1194 1043 1252 attulit.

234 1322 380 1409 Superest
401 1328 509 1389 autem
529 1327 566 1388 ut
588 1325 627 1389 de
647 1346 712 1389 uno
734 1327 786 1409 qui
805 1325 945 1409 reliquus
960 1328 1010 1388 est
1025 1344 1116 1387 versu
1131 1323 1282 1388 Plautino

159 1438 331 1517 quaenam,
355 1434 541 1499 Aululariae
562 1434 620 1517 IV,
646 1435 695 1518 10,
718 1436 781 1500 23:

214 1571 276 1634 Nc'm
288 1576 331 1636 mi
345 1576 482 1636 homines
497 1577 618 1652 placent
634 1577 695 1654 qui,
719 1578 839 1653 quando
857 1577 936 1635 male
953 1577 1096 1649 fecerunt,
1113 1575 1281 1652 purgitant.

154 1696 203 1769 11⁸
221 1716 302 1779 enim
323 1715 479 1799 scriptum
501 1715 600 1780 habet
621 1737 699 1780 sane
728 1738 799 1780 cum
823 1717 937 1781 ceteris
959 1715 1060 1780 Vetus
1083 1714 1198 1796 codex,
1228 1713 1283 1777 sed

155 1815 190 1876 ¹¹3
207 1820 295 1889 fidem
315 1830 426 1890 tamen
447 1827 501 1890 vix
522 1825 677 1890 inveniat.
721 1825 795 1889 Non
819 1827 951 1890 nitimur
972 1825 1159 1889 mutationis
1181 1824 1283 1888 facili-

152 1922 226 2013 lala,
247 1957 307 2020 qua
325 1942 476 2017 pariana!
497 1936 554 2001 fiat
576 1957 705 2021 prorsus
727 1936 768 1999 ad
790 1936 1033 2001 similitudinem
1048 1935 1133 1999 illius
1150 1936 1185 1999 in
1200 1934 1283 1998 Mer-

153 2038 253 2109 catore
273 2046 409 2131 exempli
431 2066 555 2111 numero
570 2052 712 2126 pariens,
736 2047 791 2111 ubi
813 2048 890 2110 item
913 2046 1056 2110 absolute
1078 2047 1217 2130 positum
1235 2049 1284 2109 est

150 2158 281 2229 Wecre
301 2179 358 2241 pro
377 2177 517 2236 purpure
538 2164 657 2237 aliquid
677 2159 727 2223 vel
749 2181 780 2223 sc
796 2179 954 2239 purpure:
977 2157 1031 2220 sed
1054 2157 1161 2240 paullo
1185 2160 1217 2219 ct
1237 2178 1283 2219 re·

153 2262 320 2330 ⁰011ditiore
340 2269 374 2331 et
395 2267 542 2351 graviore
565 2269 845 2352 argumentatione
860 2269 979 2331 utimur
995 2290 1033 2331 ex
1048 2268 1118 2350 ipsa
1134 2266 1284 2348 analogia

153 2352 277 2453 linguae
303 2377 455 2461 petita.*)
504 2376 676 2443 Enimvero
704 2383 873 2463 postquam
901 2384 1088 2456 obiurpitarc
1118 2377 1204 2439 verbi
1232 2397 1283 2437 ex-

155 2483 254 2563 tmpla
274 2490 472 2551 evanuenmt
493 2488 612 2569 onmia,
635 2488 765 2553 omniuo
788 2488 848 2553 hoc
870 2489 905 2552 in
928 2511 990 2572 quo
1007 2508 1170 2551 versamur
1184 2506 1284 2549 unum

156 2583 252 2658 ⁸0lum
271 2595 417 2660 relictum
439 2601 489 2661 est
509 2597 676 2662 iterativae
698 2599 733 2663 in
755 2621 793 2663 co
815 2619 933 2683 genere
955 2600 1105 2662 universo
1119 2596 1283 2661 formatio-

157 2690 206 2758 nie
224 2706 453 2770 testimonium:
482 2707 545 2771 nisi
571 2709 655 2792 quod
677 2731 694 2772 c
717 2709 889 2793 deperditis
917 2708 1061 2792 partibus
1084 2706 1283 2773 Cistellariac

161 2790 232 2875 haee
254 2819 331 2889 Quae
351 2823 443 2896 quaa
467 2826 622 2895 carnificis
649 2826 812 2898 aapiporla
836 2825 1002 2899 parcimus
1031 2818 1095 2901 (vel
1112 2825 1284 2898 perpeteris

103 3012 105 3021 Ι
162 2922 317 2990 δεἒῑιιιιΙιιιῐι
343 2925 532 2992 Leidensem
561 2929 713 3014 codicem)
743 2927 868 2992 Nouius
890 2951 922 3011 p.
949 2929 1010 2992 190
1032 2928 1180 3012 protulit,
1210 2948 1284 3011 quo·
1330 2992 1332 2996 Α

165 3032 226 3093 mm
244 3040 275 3099 ut
294 3036 372 3101 tides
395 3038 442 3101 ita
465 3040 658 3103 existimatio
675 3038 770 3102 nimis
791 3040 916 3102 incerta
950 3043 1008 3103 est.
1033 3039 1097 3102 Lex
1113 3041 1162 3102 est
1177 3041 1284 3101 autem

167 3120 287 3227 lilleguas,
309 3150 344 3210 ut
360 3168 377 3210 e
393 3148 498 3212 verbis
513 3148 714 3230 derivativis,
736 3171 816 3232 quac
834 3171 897 3212 una
913 3149 1036 3231 syllaba
1052 3148 1193 3212 auctiora
1209 3151 1285 3210 sinit

172 3243 326 3337 vinitas,
349 3279 416 3321 non
439 3280 586 3341 umquam
603 3281 687 3322 nova
701 3259 898 3323 derivatione
915 3259 1012 3323 verbu
1027 3259 1176 3322 iterativa
1192 3259 1283 3319 fiant.

178 3340 304 3447 licuerat,
327 3366 354 3430 si
377 3366 561 3451 placuisset,
585 3391 602 3431 e
620 3392 739 3448 parare
761 3377 867 3433 iurare
889 3390 1023 3432 narrare
1044 3369 1188 3432 derivare
1201 3373 1284 3445 pravi-

180 3466 231 3527 tare
247 3478 364 3540 irritare
384 3483 543 3541 rrnrritnre
564 3478 683 3542 formas
706 3482 741 3541 ut
756 3486 914 3543 clamitare
929 3486 1105 3558 quaeritare
1119 3501 1136 3541 c
1150 3483 1288 3541 claneare

185 3586 296 3647 lllercre
316 3589 411 3670 atque
433 3586 513 3651 adeo
534 3596 684 3654 cantitare
703 3596 854 3653 cursitare
875 3612 892 3652 e
914 3602 1043 3654 cantare
1058 3607 1197 3652 cursare:
1221 3607 1285 3648 nou

109 3764 113 3769 ,
188 3686 262 3767 mgis
283 3694 396 3761 licebat
425 3698 475 3762 vel
501 3706 702 3779 pur-itharc
723 3707 915 3778 iurandum
944 3699 993 3762 vel
1020 3703 1217 3775 vaurda-iture
1238 3702 1283 3757 lll-

192 3826 347 3864 *⁸*-

238 3940 344 4015 llbihss
360 3954 456 4007 taram
474 3950 581 4019 horum,
600 3952 699 4022 quibus
717 3959 856 4024 paripate
873 3956 990 4008 formam
1009 3951 1217 4013 vindicavimus,
1235 3968 1284 4003 uu»

195 4028 240 4081 Μ
252 4036 392 4101 Alliariae
411 4045 514 4101 editori
532 4047 753 4115 Cantabrigieusi
774 4054 809 4104 la.
831 4051 906 4114 isos)
931 4047 1067 4100 (luilolmo
1086 4044 1228 4111 Wagnmo
1248 4043 1285 4095 iu·

197 4116 279 4181 mili*
293 4136 414 4209 ridetur]

232 4238 262 4279 ἢ·
276 4252 424 4295 siracusam
445 4262 587 4297 ovs-seven
609 4265 639 4296 ιι.
1041 4227 1081 4287 '23'
