2850 5032
186 129 251 193 434
544 144 761 207 vasmouvm
785 145 972 194 susurrus.

190 305 320 378 luttere
339 305 562 377 anor-ip-iturc
587 299 711 384 fingere
738 322 833 384 quam
862 320 1012 384 umquam
1033 298 1111 364 ficta
1132 302 1211 364 sunt
1230 306 1340 367 cload-

143 426 170 474 xt
193 416 316 474 ic-ttare
338 414 542 473 dest-ia-iture
569 416 804 475 ratiocinaturi
830 416 1038 475 amb-alatum
1058 415 1277 475 corb-illatore

194 526 326 583 atr-iture
343 522 574 596 serv-esc-ttare
601 526 851 599 irrpem-r‘sc-t'tore
877 527 1079 585 luc-ecat'tare
1099 527 1329 600 patr-aeuum

196 628 305 693 Vnum
327 629 458 714 regulae
480 630 684 713 repugnabat
712 629 807 694 nimis
835 630 888 693 diu
910 633 1122 715 propagatum
1144 632 1181 694 in
1203 630 1378 714 prolugx
1413 693 1425 714 ,

190 734 473 804 Menaechmorum
506 746 677 804 sr'cett'ssitat
709 740 759 804 vel
795 739 874 804 adeo
905 746 1119 806 siceticissitat:
1152 761 1367 826 repugnarn

191 850 297 933 desiit,
322 867 445 935 cx·quo
467 871 576 914 veram
598 857 745 915 stertisset
766 849 903 913 sormam
923 850 1025 934 ipsius
1039 849 1128 914 Festi
1142 851 1306 915 auctorita

189 961 415 1025 revocavimus,
427 1022 436 1037 .

272 1071 363 1135 Haec
385 1071 486 1155 igitur
508 1071 534 1134 si
556 1071 603 1134 ita
625 1074 711 1152 sunt,
736 1073 767 1133 et
784 1070 951 1134 liberanda
968 1091 1038 1135 esse
1053 1069 1159 1135 lexica
1170 1078 1332 1152 paruit

83 1212 89 1229 ¹
187 1188 376 1261 obtorpuere
391 1181 521 1245 vocibus
537 1185 682 1264 apparet,
706 1184 739 1244 et
754 1180 854 1245 multo
869 1181 974 1265 magis
994 1181 1172 1245 cavendum
1193 1202 1237 1246 ne
1252 1203 1296 1247 no

186 1298 368 1370 clariciture
389 1293 511 1356 formae
533 1293 713 1354 commento
735 1290 981 1374 interpolentur,
1006 1290 1091 1375 quod
1105 1289 1249 1356 Lucretii
1265 1313 1353 1361 v&

187 1403 235 1466 sui
257 1400 298 1485 V,
322 1403 383 1466 947
407 1402 632 1466 Lachmannus
655 1400 814 1465 adhibuit:

270 1527 313 1586 Vt
334 1545 414 1585 nunc
435 1526 589 1585 montibus
612 1546 628 1583 o
650 1525 767 1601 magnis
791 1526 932 1585 decursus
954 1526 1045 1602 aquai

271 1611 432 1687 (llarigitat
453 1612 514 1668 late
536 1610 670 1669 sitientia
692 1610 788 1668 saecla
811 1610 950 1668 serarum.

186 1742 275 1818 Quod
298 1763 339 1805 ne
362 1762 419 1825 per
441 1762 475 1804 se
497 1740 640 1824 quidem,
669 1739 815 1804 etiamsi
838 1740 1051 1824 grammatica
1076 1740 1160 1804 ratio
1189 1763 1255 1806 non
1285 1772 1286 1781 ¹
1401 1730 1414 1739 ”

186 1856 381 1933 versaretur,
411 1849 537 1935 placere
559 1852 682 1933 posset:
711 1853 779 1914 tam
801 1871 868 1914 non
890 1850 983 1915 modo
1005 1851 1088 1915 mira
1108 1850 1187 1915 iuris
1209 1852 1363 1935 public»-
1420 1832 1425 1857 ⁶

187 1962 227 2025 ad
250 1982 449 2026 communem
471 1983 564 2024 usum
586 1959 757 2024 translatio
779 1963 880 2044 esset,
904 1982 1014 2024 verum
1036 1961 1136 2024 ctiam
1158 1983 1177 2025 a
1198 1942 1418 2045 propriaf'

186 2073 217 2135 vi
241 2071 460 2155 clarigationis
482 2091 574 2134 secus
596 2070 737 2134 detorta:
766 2074 803 2134 ut
825 2091 888 2154 qua
909 2092 975 2135 non
997 2092 1048 2135 res
1070 2071 1234 2155 quaelibet
1254 2094 1319 2156 qno

185 2181 265 2245 libet
286 2180 379 2244 modo
401 2183 588 2263 repetantur
610 2179 807 2263 simpliciter,
832 2179 888 2244 sed
909 2183 1022 2264 raptae
1043 2180 1094 2244 vel
1116 2202 1176 2265 per
1199 2181 1262 2245 vim
1279 2204 1322 2246 re·

186 2295 295 2355 tentae
312 2295 406 2375 atqie
422 2289 548 2354 debitae
563 2289 761 2353 sollemniter
782 2294 1004 2373 exposcuntur.
1035 2289 1140 2366 Quam
1154 2292 1189 2354 in
1204 2296 1325 2376 partem

187 2424 259 2465 cum
282 2401 347 2484 alii,
370 2404 407 2465 ut
429 2399 557 2466 Servius
579 2400 614 2463 in
628 2398 786 2464 Aeneidos
809 2399 866 2483 IX,
889 2400 942 2465 53.
969 2398 1010 2484 X,
1036 2401 1086 2484 14,
1108 2403 1179 2465 tum
1203 2406 1328 2485 praeter

187 2517 308 2576 ceteros
331 2510 526 2593 planissimis
548 2510 653 2574 verbis
675 2509 799 2573 Plinius
827 2509 1057 2594 interpretatus
1079 2513 1129 2574 est
1149 2510 1229 2576 Nat.
1253 2512 1328 2577 hist.

187 2621 279 2685 XXll
304 2625 323 2700 ξ
345 2622 381 2684 5:
410 2627 570 2702 eleuatis,
595 2643 661 2685 cam
685 2627 728 2685 ad
748 2627 841 2685 tostis
861 2626 1105 2699 ctaripatamqae
1126 2628 1329 2703 mitterentur,

186 2738 220 2794 id
240 2744 284 2795 est
305 2750 354 2794 res
375 2741 485 2808 raptus
506 2737 591 2794 clare
612 2737 780 2809 repetitum.
826 2729 904 2793 Eius
928 2730 1028 2814 igitur
1048 2730 1191 2795 notionis
1215 2734 1332 2797 severi·

186 2843 237 2903 tas
260 2844 293 2902 et
315 2861 414 2923 prope
442 2839 576 2903 dixerim
606 2840 758 2904 atrocitas
787 2840 841 2923 qui
869 2840 982 2904 cadere
1010 2861 1103 2923 posse
1129 2841 1164 2904 in
1188 2841 1335 2908 fluminis

187 2949 306 3014 solacia
328 2950 474 3013 credetur
496 2950 674 3013 sitientium
696 2971 813 3034 greges
835 2950 976 3014 ferarum
997 2949 1185 3033 repetentis,
1211 2952 1335 3017 blando

186 3082 340 3143 aquarum
367 3059 580 3123 invitamento
610 3059 650 3123 ad
679 3082 712 3124 se
740 3060 980 3146 revocantis?*)
1024 3059 1183 3124 Necnon
1214 3062 1336 3128 nimius

186 3171 270 3234 idern
304 3169 530 3233 Lachmannus
562 3169 625 3232 fuit
652 3170 687 3234 in
715 3169 924 3254 Forbigerum
957 3169 1153 3252 invehenda,
1191 3174 1281 3255 quod
1309 3175 1336 3238 is

188 3282 289 3345 Claru'
312 3288 386 3344 citat
409 3283 521 3363 poetae
536 3280 681 3343 tribuens
697 3279 869 3363 dupliciter
883 3284 1063 3363 peccasset:
1086 3281 1208 3365 quippe
1224 3282 1336 3348 decur-
1402 3292 1405 3299 '

186 3414 256 3455 sum
285 3411 386 3474 aquae
414 3412 473 3453 nec
500 3396 597 3455 citare
622 3389 708 3452 feras
737 3389 769 3452 h.
794 3411 821 3453 e.
852 3393 926 3454 ‘aut
947 3390 987 3453 ad
1016 3383 1142 3454 cursum
1172 3391 1337 3478 instigare

186 3506 242 3566 aut
265 3501 395 3565 nominc
424 3499 614 3583 appellare’,
650 3503 823 3564 nec'recte
851 3508 969 3566 clurrtm
997 3499 1060 3564 dici
1082 3502 1253 3584 tamquam
1281 3506 1335 3587 qui

187 3612 271 3676 clare
299 3611 472 3675 audiretur.
528 3609 572 3674 Et
602 3610 664 3674 hoc
696 3610 825 3694 quidem
856 3610 911 3674 ille
942 3609 1125 3674 venssime:
1162 3633 1233 3676 non
1267 3618 1336 3678 tarn

286 3754 297 3758 ..
311 3753 388 3760 ...—

253 3815 277 3882 *)
308 3814 403 3883 [ltcctc
427 3813 514 3882 igitur
536 3813 607 3867 acris
629 3812 724 3867 iudicii
751 3812 792 3866 sir
818 3814 900 3883 Hugo
926 3812 1026 3867 Munro
1052 3813 1240 3882 praefationis
1269 3835 1337 3872 suae

185 3906 239 3973 (od.
260 3906 390 3961 Cantabr.
411 3924 435 3961 a.
457 3910 533 3974 1860)
551 3925 578 3976 p.
596 3906 673 3960 XXX
691 3907 915 3960 ‘Lachrnannus'
934 3906 975 3959 ait
993 3908 1167 3975 ‘clariqitua
1188 3909 1267 3975 (ptrod
1285 3929 1337 3964 nec

186 3999 285 4052 (licitur
302 3999 400 4053 Latine
418 4017 469 4053 nce
487 4000 540 4053 dici
558 4001 652 4069 potest
670 4016 733 4065 nec,
751 3999 774 4052 si
792 3997 942 4065 diceretur,
960 3999 1036 4068 quod
1054 3998 1100 4053 ille
1119 3998 1210 4054 soluit
1228 4002 1337 4069 signiti-

186 4109 248 4145 care
266 4093 378 4160 posset'
404 4098 578 4159 Qurnnqnam
591 4093 626 4148 dc
638 4092 659 4145 F
661 4091 784 4159 orbigcn'
803 4091 961 4145 coniectura
978 4091 1062 4157 longe
1080 4091 1155 4146 idern
1176 4112 1266 4159 qnam
1286 4113 1338 4165 par

185 4185 247 4237 crat
265 4184 444 4253 clementius]
