2894 5040
154 103 218 167 410
465 119 512 165 nn
534 118 749 167 auovnunuo
773 119 994 170 ‚rcaosurcno

154 273 281 336 demum
307 230 514 357 repetendam
541 295 609 337 esse
632 273 767 358 apparet
789 273 954 358 vulgatam
982 295 1070 339 sunm
1097 275 1350 360 scriptume

154 384 243 447 euius
271 383 335 447 iam
367 405 465 468 supra
492 383 613 448 mentio
641 383 750 448 fiebat.
800 384 914 468 Itaque
941 387 979 448 ut
1011 384 1154 450 breviter
1182 384 1282 450 dicam
1314 428 1350 464 4

153 494 304 578 quoniam
327 494 484 578 bisyllaba
506 516 582 558 voce
610 516 689 577 opus
711 493 865 559 habemus
886 495 922 559 in
951 499 1052 580 sexte,
1082 496 1318 581 monosyllab·
1331 540 1350 571 ,-

1263 597 1277 622 d

154 634 261 694 autem
287 632 324 694 in
352 631 487 714 septimo
515 652 624 694 versu:
652 634 820 715 utramque
853 634 1003 715 putamus
1026 632 1061 697 in
1091 654 1190 697 unam
1213 641 1350 721 scip-m

153 741 299 824 formam,
324 743 493 825 postquam
515 741 627 805 turbae
646 739 710 806 huc
723 742 921 826 invaserunt,
947 742 1114 827 coaluisse,
1139 745 1234 828 atque
1256 746 1318 813 sie

154 853 290 936 scriptos
312 851 370 916 hos
395 873 466 916 cum
488 852 650 936 superiore
672 875 782 916 versus
808 851 883 916 olim
906 853 1087 919 exstitisse:

260 1030 348 1069 suum
370 1011 492 1070 arcessit
514 1029 642 1070 servos
665 993 852 1069 dominum
874 1010 1013 1084 Athenis,
1037 1015 1068 1071 et
1090 1013 1173 1072 forat

260 1096 387 1170 geminis
410 1115 597 1154 communem
620 1099 713 1154 scite
735 1096 880 1171 parietem
903 1097 1040 1171 aedibus,

260 1181 363 1239 liceret
385 1184 419 1239 ut
442 1181 535 1240 clam
558 1181 715 1240 convenire
738 1181 919 1242 amtntibus.
1068 1188 1077 1197 ‘

240 1337 403 1422 Pergimus
436 1337 476 1401 ad
509 1344 703 1403 cohaerentes
726 1358 817 1401 versu
839 1337 859 1402 8
882 1341 1038 1403 amantes
1083 1339 1194 1425 Atque
1216 1345 1296 1405 obte-

153 1448 257 1514 rentis'
274 1448 398 1513 codices
426 1447 580 1514 exhibent
606 1469 731 1531 omnes,
758 1454 928 1536 obterente
949 1449 1102 1534 princeps
1131 1450 1246 1516 editio:
1268 1451 1303 1517 iu

154 1560 242 1624 cuius
264 1559 370 1623 locum
385 1567 549 1625 osculantis
564 1558 764 1624 Camerarius
787 1559 955 1623 substituit
976 1559 1107 1644 eiusque
1131 1562 1305 1627 commenti

153 1670 333 1734 laudatores
356 1670 547 1734 Lambinum
569 1670 877 1754 Taubmannumque
910 1669 1050 1734 invenit:
1089 1671 1188 1736 eredo
1223 1672 1309 1759 quod

153 1781 255 1845 tribus
284 1781 344 1870 hoc
372 1782 502 1866 syllabis
531 1781 635 1845 efferri
657 1802 750 1865 posse
777 1780 838 1844 sibi
860 1783 1097 1865 persuaserant.
1144 1781 1233 1859 Quid
1255 1805 1309 1849 au·

153 1891 244 1957 tem?
270 1893 352 1977 quod
375 1892 516 1958 Vltimus
542 1891 597 1956 ille
631 1891 725 1956 solita
756 1892 888 1976 ignavia
917 1895 1078 1956 servatum
1108 1898 1312 1960 otbwentes

155 2006 187 2067 et
214 2011 425 2082 amplectentes
453 2025 485 2067 se
512 2009 637 2067 invicem
665 2002 859 2085 explicatum
882 2007 990 2087 (quam
1012 2001 1143 2087 quidem
1168 2005 1312 2090 explica·

153 2113 275 2177 tionem
297 2112 374 2177 Pius
397 2114 596 2197 praeiverat:
620 2119 761 2191 adlenese,
781 2120 912 2193 pressim
933 2125 963 2177 et
985 2119 1209 2192 edolatinntim
1232 2139 1312 2183 com·

151 2227 270 2306 plexos)
293 2224 339 2288 sic
361 2223 485 2288 scilieet
507 2223 677 2288 conciliare
706 2227 778 2287 eum
800 2245 1004 2301 numerorum
1033 2224 1223 2292 rationibus
1247 2248 1313 2295 non

155 2334 295 2399 erubuit:

260 2477 455 2536 obhaerentes
478 2478 577 2562 custos
599 2477 654 2536 hos
676 2477 759 2536 videt
780 2476 816 2534 do
838 2476 960 2553 tegulis

153 2608 326 2673 Mirificum
347 2608 454 2672 hercle
477 2608 644 2672 inventum
668 2630 705 2672 ae
727 2608 861 2692 dignum
883 2628 944 2692 quo
971 2606 1076 2672 lexica
1099 2631 1245 2697 propere
1267 2613 1313 2679 lo·

155 2720 373 2803 cupletentur,
410 2741 491 2802 quae
525 2719 583 2782 etsi
613 2724 819 2783 obhaerentem
848 2725 880 2782 in
908 2725 1005 2783 medio
1036 2727 1168 2798 flumine
1201 2744 1313 2804 equum

154 2834 284 2913 norunt,
309 2830 358 2894 vel
380 2851 484 2895 navem
507 2836 595 2907 vado,
621 2836 766 2894 lacinium
789 2816 985 2907 consumenti
1005 2834 1239 2916 obhaerentem,
1263 2839 1313 2900 ta·

154 2963 228 3005 men
256 2947 450 3006 conaerentes
478 2950 627 3022 amantes,
652 2939 768 3003 omisso
791 2939 869 3004 adeo
891 2945 948 3004 sen
967 2941 1175 3027 pronomine,
1205 2945 1314 3011 adhue

154 3052 355 3136 ignorarunt.
402 3051 464 3117 Sed
488 3055 596 3116 tamen
621 3087 657 3098 -
681 3051 790 3114 taedet
813 3051 899 3114 enim
920 3049 981 3115 hoc
1003 3053 1156 3136 persequi
1178 3053 1314 3142 longius

154 3163 303 3228 -haud
330 3163 396 3227 scio
425 3185 467 3226 an
494 3184 535 3226 ne
564 3168 729 3227 oelaeaercns
756 3173 854 3226 custos
882 3161 1026 3245 quidem,
1055 3182 1157 3244 quem
1168 3146 1314 3232 {lism-

155 3274 245 3337 taudi
268 3295 376 3336 versus
401 3296 512 3337 caussa
535 3273 780 3356 haudquaquam
802 3272 911 3355 inepte
930 3270 1066 3335 Botbius
1089 3271 1238 3360 induxit,
1263 3280 1315 3343 sat

156 3385 318 3448 commode
340 3384 519 3467 usitatequo
542 3383 675 3446 discitur.
708 3382 757 3445 Ea
781 3383 867 3446 cuim
882 3404 958 3446 voce
980 3385 1016 3445 ut
1036 3381 1184 3450 infestae
1208 3389 1312 3453 cuius·

155 3495 228 3558 dam
251 3494 414 3559 custodiae
440 3494 619 3577 pertinacia
642 3493 829 3576 declaretur,
861 3498 896 3557 ob
918 3493 1116 3577 praepositio
1141 3499 1258 3562 autem
1279 3499 1314 3565 in

155 3606 288 3670 eandem
310 3608 436 3690 partem
451 3607 546 3688 atcpue
570 3609 719 3669 occutnre
740 3603 855 3686 valeat,
879 3603 964 3687 quod
985 3602 1047 3667 hac
1062 3603 1315 3689 significatione

154 3875 329 3944 Argumenta
346 3893 402 3930 non
420 3874 475 3930 sint
493 3893 555 3929 cum
573 3875 720 3930 Vrsiniano
739 3874 787 3927 illo
806 3874 925 3959 conlata,
943 3872 1023 3927 huius
1041 3890 1059 3929 a
1077 3873 1242 3935 Decurtato
1261 3880 1315 3936 dis·

156 3968 326 4037 crepantiam
348 3969 422 4023 infra
444 3969 537 4038 posui:
608 3969 1019 4037 v.3ipsinsante1·asuram
1093 3981 1236 4042 capsust,
1265 3974 1315 4029 sed

156 4063 257 4128 quarta
278 4062 373 4116 littera
396 4080 410 4116 e
434 4065 592 4117 correctura
614 4063 721 4132 primun
744 4079 855 4128 manus;
882 4069 996 4130 captust
1012 4077 1084 4129 mrg.
1105 4079 1145 4116 m.
1167 4081 1224 4120 see.
1297 4073 1313 4122 8

156 4159 228 4215 uidit
298 4161 328 4208 12
347 4160 443 4226 cupiet
461 4175 537 4214 naor·
608 4163 639 4210 1³
657 4158 760 4212 lrabeat
829 4160 895 4223 rap
914 4155 1028 4212 moesto
1046 4156 1100 4212 teu
1119 4158 1267 4231 uterque]
