2850 5032
409 300 632 351 onossanrvu
655 299 869 349 nnavrrnvu.
1147 284 1213 347 239

97 454 165 519 mali
198 476 281 519 error
315 455 343 517 si
379 459 522 539 sequeret
555 454 699 537 longius,
739 453 906 537 paullatim
945 454 1049 537 patuit
1082 453 1113 516 in
1149 451 1209 516 Xll

98 564 299 648 posterioribus
337 568 448 629 tantas
487 564 599 628 lurlms
631 585 815 649 proereare,
858 569 998 647 quantus
1031 585 1102 625 eum
1135 562 1213 625 ordo

100 672 136 738 ll'
163 678 190 737 et
218 672 246 737 V
277 678 440 739 testantur
478 680 547 738 tum
586 674 691 758 ipsum
730 674 920 756 glaesariam
962 680 1117 737 riostrum.
1175 672 1211 735 lu

101 806 150 867 quo
166 785 238 868 epuod
258 784 429 870 Epidicum
451 784 571 869 exeipit
593 784 804 857 Menaechmi,
829 784 860 847 ia
883 784 986 867 ipsura
1011 804 1212 866 neepiaquam

102 893 248 959 salarium
269 899 328 977 est,
352 894 408 959 seul
429 894 575 979 exempla
597 894 695 957 habet
717 895 814 957 trium
838 893 982 958 ‹talia-um
1005 915 1119 958 novem
1141 897 1212 957 tan·

103 1010 156 1067 uu
172 1004 286 1069 fabulas
310 1004 592 1089 complectentium
615 1004 647 1067 lr.
671 1026 700 1067 e.
724 1010 797 1067 oeta
813 1005 970 1087 prioribus
987 1003 1213 1067 lleuaeehmos

105 1113 289 1197 iungentium:
325 1114 493 1179 Vrbinatis
513 1116 577 1179 635
598 1136 695 1198 supra
718 1115 782 1177 iam
806 1115 1055 1195 eorumemorati,
1080 1114 1212 1177 (lttalo
1235 1118 1252 1167 Χ

106 1223 173 1287 mani
193 1227 265 1289 lost
289 1230 322 1289 et
338 1224 496 1289 Perusini.
513 1262 555 1272 -
577 1224 727 1309 lteliquas
750 1229 857 1288 nartem
880 1225 1017 1306 l'alurlaa,
1041 1228 1215 1310 quaesunt

107 1333 211 1417 priores,
233 1340 367 1419 apparet
389 1340 440 1399 sat
462 1339 550 1399 reete
572 1335 604 1398 iu
628 1336 738 1398 eodem
761 1335 817 1398 illo
839 1335 996 1417 glanna
1018 1358 1086 1399 ease
1109 1335 1213 1418 ‹lisput-

107 1442 177 1507 aaa:
206 1445 330 1529 quando
353 1445 548 1529 Amphitruo
576 1445 672 1509 simili
696 1468 789 1525 easu,
824 1451 920 1529 atque
942 1448 974 1509 iu
1001 1445 1214 1509 ilsubroaiano

109 1553 198 1617 oceidit
217 1560 247 1618 et
268 1554 430 1619 Vaticano
456 1556 552 1638 1633,
576 1556 681 1639 potuit
703 1580 723 1619 a
745 1556 904 1639 prirneipiu
926 1554 1050 1619 ‹livulaa
1072 1557 1132 1638 ipsi
1157 1556 1212 1619 lini

105 1662 308 1730 adhaerescere.
342 1664 426 1729 Num
450 1666 509 1729 etsi
532 1670 699 1750 praeterea
722 1666 755 1729 ia
779 1666 849 1749 ipso
872 1666 965 1729 initio
986 1665 1134 1747 glossarii
1158 1664 1214 1729 ali·

104 1774 161 1856 quid
178 1798 247 1840 sane
267 1776 433 1840 turbatum
456 1780 515 1858 est,
539 1780 648 1839 tration
672 1776 703 1840 id
720 1776 759 1839 ael
775 1776 919 1839 ordinem
935 1776 1117 1839 fabularum
1134 1774 1213 1838 nihil

101 1886 225 1968 pertinet,
247 1886 301 1950 sed
324 1885 364 1949 ael
386 1886 566 1969 glossarum
589 1886 696 1969 potius
717 1890 750 1949 et
774 1886 938 1950 nonunum
962 1891 1108 1949 mutinam
1131 1886 1216 1949 inter

98 2014 154 2058 sese
170 1997 318 2060 ordinem.
364 1998 510 2081 Apparet
532 1997 634 2078 terrim,
667 1997 720 2081 (pai
744 1997 823 2060 haee
846 1996 996 2059 aula-erbis
1019 2000 1213 2079 excerperet,

95 2103 132 2167 ita
152 2126 210 2168 rem
231 2106 424 2188 instituisse,
456 2112 493 2171 ut
515 2107 592 2192 ipsis
615 2107 768 2191 exemplis
792 2108 1013 2189 praemitteret
1034 2106 1214 2170 fabularum

19 2232 24 2259 ¹
90 2215 221 2279 nauriunt
257 2238 390 2301 eamque
424 2217 580 2281 rationem
604 2221 732 2301 praeter
755 2240 854 2280 tarrtuu
878 2217 1003 2280 initium
1028 2221 1214 2281 constanter

85 2331 232 2389 servatam
262 2325 416 2390 videmus.
462 2326 525 2391 Hie
553 2328 639 2392 enim
662 2332 719 2391 aut
741 2328 809 2411 ipse
832 2333 888 2390 aut
910 2327 1025 2411 aliquis
1048 2326 1214 2411 lantnroelo

82 2435 224 2501 librarius
255 2437 398 2501 animum
424 2437 552 2502 irnluxit
573 2438 769 2502 mantrarium
792 2438 936 2501 ordinem
959 2437 1064 2522 sequi,
1103 2437 1158 2501 seu
1181 2438 1214 2501 ia

78 2570 115 2609 ea»
139 2548 265 2610 cornilio
289 2570 353 2611 nou
377 2549 551 2630 persistens
574 2549 685 2612 statim
701 2548 740 2611 ael
756 2547 892 2610 alterum
908 2547 1012 2611 raaliil.
1049 2547 1214 2610 Pertinent

76 2656 161 2720 eninr
180 2664 338 2737 paulisper
360 2665 508 2738 tantisper
530 2659 655 2741 glossae
679 2657 717 2720 ael
735 2657 934 2721 Asinariam:
957 2680 1148 2741 ‹laiamquaru
1169 2658 1216 2720 in·

73 2768 221 2831 vertendi
242 2768 363 2831 ordinis
387 2769 553 2831 eorasiliuui
577 2768 655 2832 illul
678 2768 770 2831 sinrul
795 2768 853 2830 liae
877 2769 998 2835 ell'eeil.
1034 2773 1067 2830 ut
1092 2790 1155 2830 nou
1180 2788 1217 2829 eo

69 2880 129 2963 qui
151 2880 185 2942 in
209 2878 306 2962 ipsius
328 2879 457 2941 fabulae
481 2879 726 2943 continuitatem
752 2879 902 2941 eorrvenit
924 2878 1034 2941 aureliae
1050 2902 1118 2939 sese
1134 2878 1216 2941 exei-

68 2991 168 3075 piant
200 2996 358 3069 paulisper
380 2997 528 3068 tantisper
556 2996 722 3061 lalaade'ter,
760 2989 908 3072 quamsit·
933 2990 1036 3072 patius
1060 2988 1216 3052 eolloean·

67 3102 134 3164 uae
156 3105 264 3163 erant:
286 3105 438 3164 blanditer
460 3100 501 3183 (l,
517 3102 548 3181 3,
565 3101 633 3181 llll),
658 3108 805 3178 tatatisper
831 3098 904 3181 (ΙΙΙ,
921 3101 952 3177 3,
970 3100 1036 3181 llll),
1061 3106 1217 3178 paradinas

66 3210 129 3291 (V,
154 3211 187 3291 2,
210 3210 274 3293 30).
321 3209 405 3273 Num
428 3211 524 3274 etiam
547 3211 601 3294 qui
624 3209 753 3291 longius
776 3210 876 3292 petita
899 3208 1082 3271 eouieetura
1103 3215 1216 3288 paulis-

62 3346 129 3404 per
151 3328 301 3399 tantisper
323 3344 417 3384 voees
440 3320 501 3384 luae
525 3321 697 3403 inrepsisse
720 3346 736 3379 e
760 3320 1030 3409 s’,llsrrs1›i‹·elur,
1055 3319 1108 3382 ubi
1127 3324 1216 3402 potu·

66 3433 159 3497 erint
183 3430 299 3493 allutae
321 3454 390 3494 esse
413 3430 671 3511 ellaeelrielilaus,
695 3431 862 3493 rectiorem
885 3429 1028 3492 oralirieui
1053 3452 1115 3492 non
1138 3451 1216 3492 arari·

67 3545 229 3623 eiseutur,
265 3563 336 3605 eum
359 3542 393 3604 iu
417 3541 477 3605 hue
500 3540 611 3604 faliula
630 3548 787 3620 paulisper
811 3540 937 3620 lugeatur
960 3539 1024 3617 lll,
1053 3542 1089 3620 3,
1124 3540 1162 3601 12
1184 3544 1217 3601 et

67 3656 132 3734 82,
163 3659 312 3732 tearrttsper
336 3651 384 3734 ll,
414 3654 450 3731 3,
483 3655 552 3715 lla.
604 3650 673 3713 Nisi
698 3651 780 3713 forte
803 3649 841 3712 ael
866 3649 1064 3732 deperditum
1088 3648 1217 3711 l'alualau·

67 3764 202 3828 initium
225 3762 302 3825 illul
321 3768 481 3841 parelisper
502 3762 613 3825 itialeru
637 3762 773 3839 referas,
808 3765 842 3822 al
866 3783 930 3822 inm
955 3764 1058 3842 potest
1083 3781 1145 3822 nam
1170 3760 1216 3820 iu·

67 3874 182 3938 ‹lieleur
204 3876 388 3956 excerptum
412 3894 480 3935 essse
502 3893 629 3936 noenum
649 3892 710 3951 pro
733 3894 806 3934 mm.
852 3869 934 3932 Nauu
959 3869 1019 3931 liae
1037 3873 1069 3930 ut
1087 3868 1215 3930 tundent

67 3983 258 4065 alemanam,
292 3983 519 4065 antiquitatem
543 3982 685 4047 Plautini
708 3980 855 4061 glensaarii
880 3979 1015 4041 numina·
1039 3977 1097 4040 luae
1121 3982 1217 4041 testa·

67 4104 142 4176 tur,
180 4093 260 4177 quod
294 4114 361 4156 non
394 4095 521 4155 taratara
545 4091 744 4156 Vialulariuru
767 4091 852 4154 illius
875 4090 1011 4172 scriptor
1034 4087 1128 4170 legit,
1162 4087 1216 4151 seul

68 4203 174 4265 etiam
198 4200 482 4283 Ararphitruonem,
520 4201 695 4265 llaeelrieles
729 4202 814 4285 (euin
840 4199 1021 4275 Atilianus,
1057 4198 1116 4260 etsi
1141 4220 1216 4261 easu

68 4316 198 4379 fatuam
222 4315 257 4374 ut
279 4333 317 4376 ex
340 4313 409 4377 eius
432 4313 517 4375 exitu
541 4334 626 4375 irritae
649 4311 813 4394 ‹leperelito
829 4311 908 4373 uilril
926 4312 1146 4393 expromptum
1161 4311 1217 4393 sit)
