2850 5032
244 297 305 358 114
508 297 601 357 bana
628 310 690 356 nra
712 311 836 358 11111111
858 310 925 360 nus
947 309 1114 358 rasurus.

241 464 451 546 Camerarius,
476 464 553 527 aber
574 462 656 528 doch
677 464 720 528 ist
743 486 776 527 es
799 464 852 527 ein
873 484 974 527 neuer
995 461 1121 543 Druck,
1149 460 1207 525 der
1228 461 1387 527 1111111111

240 575 290 638 dic
306 574 470 638 Versehen
494 575 550 639 der
571 577 677 638 ersten
694 574 847 658 Ausgabe
868 572 1054 657 berichtigt,
1077 572 1138 635 wie
1154 569 1274 635 Bacch.
1292 569 1385 655 11,2,

239 686 290 748 21.
315 686 349 767 3,
373 686 431 765 48,
456 686 602 769 hilufiger
624 706 705 748 neue
728 683 916 767 hinzufiigt,
940 683 1001 747 wie
1024 681 1050 765 l,
1077 682 1105 764 1,
1131 680 1182 746 12.
1204 681 1259 746 48.
1283 679 1329 764 Π,
1350 680 1384 764 11,

241 795 289 858 10.
317 794 366 858 14.
390 794 449 878 ΠΙ,
473 796 503 877 5,
527 795 557 858 2.
583 794 640 878 IV,
662 795 692 876 9,
719 795 790 876 131,
814 796 976 857 worunter
997 791 1071 856 sehr
1093 790 1386 857 sinnentstellende

238 908 279 987 (z,
304 903 342 968 B.
366 911 513 970 medicam
535 908 616 969 statt
637 904 781 989 mecum),
820 904 870 967 die
893 904 997 986 dann,
1025 902 1099 966 weil
1121 901 1183 976 den
1206 900 1384 987 folgenden

239 1015 414 1099 Ausgaben
443 1015 499 1078 der
526 1014 730 1079 Fabricisehe
759 1014 824 1078 und
852 1013 945 1078 nicht
972 1013 1029 1077 der
1051 1011 1247 1097 cigentliche
1271 1010 1385 1077 Came·

237 1123 378 1189 rarisehe
401 1125 483 1188 Text
505 1148 543 1188 zu
566 1125 697 1189 Grande
726 1125 837 1211 gelegt
858 1124 983 1205 wurde,
1011 1124 1123 1188 weiter
1150 1122 1387 1208 fortgepflenzl

237 1236 365 1299 worden
388 1235 471 1299 sind.

320 1346 372 1410 35.
404 1345 464 1409 Die
487 1348 571 1409 erste
586 1344 841 1429 Wiederholung
863 1345 918 1408 des
935 1342 1408 1411 Camerarius-Fabricischen·

235 1455 352 1520 'l'extes
385 1457 429 1519 ist
456 1456 506 1519 die
536 1454 689 1539 Ausgabe
717 1455 772 1519 des
795 1453 845 1519 Ιο.
870 1455 1101 1537 Sambuous,
1131 1454 1384 1539 Antverpiae

235 1590 273 1630 ex
296 1567 380 1630 offic.
406 1565 588 1650 Olrristoph.
613 1565 759 1629 Plantini
784 1567 876 1631 1566.
906 1566 957 1630 12.
989 1565 1055 1629 Der
1075 1564 1160 1629 Text
1180 1565 1226 1629 ist
1246 1565 1294 1629 im
1315 1565 1414 1631 eim.

235 1676 348 1741 zelnen
370 1698 431 1761 gar
453 1677 544 1740 nicht
569 1676 742 1760 gedudert,
772 1674 856 1739 wohl
885 1676 961 1740 aber
990 1674 1166 1758 vermehrt,
1196 1675 1257 1739 wie
1279 1674 1384 1743 sehon

233 1789 289 1851 der
311 1786 396 1851 Titel
426 1787 554 1870 besagt:
592 1794 696 1851 ‘nunc
725 1807 799 1850 vero
827 1785 898 1870 plus
926 1808 1023 1870 quam
1046 1784 1097 1851 Oc
1125 1784 1287 1869 versibus,
1325 1786 1383 1871 qui

232 1899 353 1982 passim
376 1896 651 1979 desiderabantur,
676 1918 715 1960 ex
738 1895 809 1959 VV.
828 1894 889 1960 Ob.
907 1895 1054 1960 additis.'
1083 1894 1232 1959 Dariiber
1253 1894 1384 1979 111-11111

233 2008 302 2071 sich
331 2007 507 2072 Sambucus
537 2007 571 2070 in
600 2007 672 2070 dem
700 2006 850 2070 Vorwort
887 2028 929 2069 an
956 2005 1127 2070 Plautinus
1156 2006 1270 2070 weiter
1307 2028 1380 2073 aus:

234 2118 347 2181 ‘Mitto
377 2157 418 2165 -
441 2155 483 2165 -
511 2117 750 2181 observationes
781 2116 935 2200 quasdam
963 2119 996 2180 et
1030 2115 1135 2181 vanas
1163 2116 1198 2179 in
1226 2115 1382 2183 Plautum

234 2227 271 2289 de
296 2226 517 2310 chirographis
540 2227 764 2291 vetustissimis
793 2230 826 2290 et
847 2226 1019 2310 praecipue
1041 2248 1112 2290 meo
1133 2225 1188 2290 illo
1211 2247 1276 2311 quo
1298 2226 1383 2293 Iovi·

234 2359 314 2400 anus
337 2336 503 2400 Fontanus
526 2340 575 2400 est
596 2359 688 2418 usus,
720 2337 870 2401 collectas
899 2336 1089 2421 scripturae,
1114 2336 1256 2421 adeoque
1280 2338 1381 2402 1111111

234 2446 318 2509 ultra
341 2468 451 2510 omnes
474 2447 609 2510 aliorum
637 2447 793 2510 editiones
822 2446 862 2509 ad
883 2448 1045 2510 trecentos
1067 2468 1171 2530 paene
1192 2468 1306 2511 versus
1327 2447 1381 2513 de·

233 2556 399 2639 siderat0S,
422 2580 500 2640 quos
523 2579 593 2621 meo
617 2560 649 2620 11
671 2557 798 2640 publico
821 2556 951 2620 meliore
972 2556 1041 2620 fato
1063 2557 1239 2641 reperi.'⁵¹)
1285 2556 1381 2623 Nach

165 2684 215 2732 aas
233 2688 375 2751 genauer
390 2667 541 2752 thlung
562 2668 619 2731 hat
635 2667 811 2731 Sambucus
834 2689 892 2731 aus
908 2667 979 2731 dem
997 2665 1113 2750 Codex,
1137 2689 1200 2732 von
1223 2667 1381 2733 welchem

299 2937 342 2995 61)
360 2930 399 2983 Er
415 2930 493 2984 suhrt
512 2932 578 2984 fort:
598 2929 691 2994 ‘Quae
708 2929 737 2982 in
750 2929 923 2998 marginibus
936 2929 1032 2995 adieci,
1050 2929 1149 2985 lectori
1168 2931 1243 2998 quod
1261 2930 1380 3001 probiun

232 3024 372 3077 videbitur
390 3026 419 3077 11
436 3023 473 3077 ad
490 3041 619 3077 numeros
638 3023 742 3092 aptius,
761 3023 879 3091 deliget,
908 3023 1040 3078 iudicium
1064 3023 1195 3079 cohibere
1214 3023 1274 3094 ipse
1291 3024 1377 3080 volni.

201 3173 205 3180 ,
232 3115 344 3169 Ceteros
362 3133 428 3169 vero
448 3117 548 3183 quibus
565 3116 671 3185 passim
689 3116 801 3170 lacunas
820 3117 849 3169 11
871 3133 959 3170 vacua
981 3118 1135 3186 notataque
1158 3118 1295 3175 asterisco
1313 3118 1380 3174 locs

231 3210 369 3278 supplevi,
400 3210 440 3262 uti
464 3209 555 3263 inveni
574 3210 704 3279 scriptos,
733 3209 774 3263 ita
792 3209 859 3268 edo,
883 3210 972 3264 multa
990 3210 1048 3264 sine
1066 3209 1176 3265 ratione
1193 3228 1378 3268 numerorum

230 3303 329 3356 Plauto
361 3302 538 3357 usitatorum:
570 3303 645 3370 quod
667 3302 764 3356 vitium
787 3302 965 3356 librariorum
987 3303 1160 3372 negligentia
1182 3303 1246 3358 huic
1265 3305 1297 3360 et
1313 3304 1379 3360 sli'n

231 3396 332 3450 accidit
350 3395 546 3465 scriptoribus:
577 3396 624 3465 qui
646 3398 746 3465 poetas
769 3396 877 3450 solutae
896 3395 1029 3450 orationis
1047 3413 1081 3450 uc
1097 3399 1251 3467 perpetuae
1269 3396 1300 3452 in
1317 3414 1377 3454 1111-

231 3490 296 3543 dum
316 3488 519 3544 describebant.
557 3492 597 3542 Ac
616 3488 728 3556 quidem
745 3489 786 3543 ita
804 3489 887 3544 edere
905 3488 999 3555 malui,
1017 3488 1177 3557 utquisque
1195 3489 1224 3542 in
1242 3508 1377 3547 numeros

229 3584 288 3653 ipsc
307 3585 404 3652 cogat,
428 3600 512 3650 quam
536 3584 567 3634 ut
584 3582 640 3635 ulla
658 3599 675 3635 a
692 3600 736 3636 me
754 3582 795 3635 vis
813 3582 858 3636 vel
875 3584 951 3637 fraus
967 3585 1084 3653 propter
1101 3591 1232 3637 11111111
1250 3584 1378 3641 auctor‘n

228 3676 320 3731 verbis
338 3680 367 3731 11
385 3675 540 3730 sententiae
559 3692 593 3729 ea
610 3674 783 3729 solicitudine
802 3676 888 3731 fieret.
925 3677 965 3730 Ac
988 3676 1114 3730 fortassis
1133 3676 1273 3744 quaedam
1291 3694 1376 3735 111111-

229 3772 274 3824 tus
291 3770 404 3824 fuissem
423 3769 588 3824 coniecturis
606 3768 691 3823 etiam
710 3770 739 3822 et
751 3785 784 3822 11
796 3768 909 3838 ingenio
926 3768 1081 3835 restituere,
1099 3769 1153 3823 nisi
1170 3771 1202 3824 111
1219 3769 1376 3827 editionem

229 3864 353 3925 arsisses,
373 3866 456 3933 atque
476 3881 529 3932 ego
547 3863 575 3916 11
594 3864 637 3915 111
656 3862 883 3931 occupationibus
900 3861 999 3916 nudius
1016 3863 1116 3918 tertius
1133 3894 1166 3902 —
1178 3894 1211 3902 —
1230 3864 1265 3919 de
1283 3866 1376 3935 petru

229 3957 283 4009 mci
302 3958 381 4011 obitu
398 3957 530 4011 nuncium
549 3955 738 4024 accepissem’
774 3955 830 4009 Der
848 3954 959 4010 Schluss
977 3956 1027 4009 ist:
1047 3954 1137 4011 ‘Satis
1155 3960 1199 4012 est
1216 3974 1261 4013 me
1279 3957 1375 4015 adhuc

228 4050 367 4103 asteriscis
385 4054 494 4105 tantum
512 4053 610 4104 notata
627 4047 720 4102 verbis
738 4049 830 4102 Plauti
847 4048 967 4118 propriis
984 4051 1047 4104 loca
1065 4050 1249 4120 supplevisse,
1270 4055 1301 4105 et
1317 4054 1374 4107 tre-

229 4144 324 4196 centas
341 4160 429 4212 paenc
442 4144 529 4198 lineas
548 4162 581 4197 cx
598 4141 793 4196 vetustissimis
806 4160 838 4196 ac
853 4141 944 4210 dignis
962 4143 1017 4196 fido
1035 4141 1177 4197 codicibus
1194 4142 1372 4213 produxisse.

229 4237 281 4288 etc.
295 4244 332 4288 111.
351 4236 466 4291 Kalend.
478 4237 619 4306 Septemb.
630 4234 881 4289 MDLXV.Vienna
889 4244 905 4301 ’‚
915 4237 967 4290 mit
977 4235 1111 4290 welchem
1119 4236 1223 4292 Datum
1235 4237 1288 4291 dus
1297 4236 1373 4292 oben

230 4328 329 4398 [1118]
348 4329 419 4383 uber
437 4329 480 4384 dic
494 4329 609 4384 Wiener
625 4327 805 4382 Handschrist
822 4329 1021 4400 beigebraohte
1040 4349 1073 4385 zu
1090 4329 1270 4402 vergleiohen
1287 4330 1337 4388 ist.
