2850 5032
217 104 279 167 246
560 117 781 166 unossaurvu
807 117 1021 164 urrunnun.

218 274 304 337 tibus
327 276 513 357 excerptum
536 277 585 337 est
608 276 672 354 aut,
697 272 827 336 turbato
849 271 977 355 quidem
1001 291 1149 333 versuum
1170 269 1300 353 ordine,
1323 272 1362 334 ad

217 383 277 466 ΙΙΙ,
301 383 332 461 5,
355 384 396 448 59
419 386 553 466 spectat,
577 406 672 468 quem
694 384 797 447 locum
821 381 1055 465 impeditiorem
1078 380 1180 444 audeo
1203 379 1293 465 (nam
1309 379 1361 444 ali·

218 493 293 577 quid
316 493 496 557 audendum
518 495 567 557 est
589 489 680 578 saue)
704 493 749 558 sic
772 492 991 577 redintegrare
1015 490 1239 556 coniectando:

345 618 446 694 Negat
468 636 578 692 ponere
601 619 661 676 alio
684 618 773 676 modo
796 617 858 675 ullo
881 616 1033 692 prolecto,

346 702 387 760 Ni
409 704 474 760 sese
496 703 571 761 soitt
592 702 680 762 vilico
703 722 764 761 non
787 703 890 760 datum
913 702 960 759 iri.

285 787 443 862 ST.Atqui
465 788 614 863 ingratiis,
638 789 709 863 quoi
732 807 793 846 uon
815 787 889 859 vdlt,
912 787 1007 845 nubet
1028 787 1127 846 hodie.

345 873 425 931 Nam
448 874 500 930 cur
521 892 582 931 uon
604 892 660 949 ego
683 873 715 930 td
738 875 916 947 perpetrem,
941 871 1023 947 quod
1045 867 1113 950 [ego
1137 867 1261 950 oe]cepi,

347 957 391 1014 Vt
412 956 508 1014 nubat
530 957 623 1016 mihi?
645 957 721 1015 illud
745 957 867 1033 quidem
888 956 1042 1015 nolebam:
1067 952 1181 1036 [immo]
1350 962 1365 1012 5

348 1042 459 1101 Nostro
481 1042 571 1101 vilico
597 1038 642 1120 [rit
663 1038 780 1121 nubat]
804 1042 862 1100 ΡΑ.
886 1042 1035 1116 saepicule
1057 1045 1172 1116 peccas.

287 1126 340 1185 ST.
351 1127 452 1185 Timar
473 1127 632 1201 praepedit
653 1128 753 1200 verba,
777 1130 880 1186 verum
904 1126 1025 1185 obsecra
1049 1125 1097 1184 dio
1123 1122 1200 1202 —⁸)
1265 1189 1268 1193 ,

223 1249 342 1325 Quodsi
359 1250 397 1313 de
414 1248 556 1312 numeris
574 1248 755 1313 bacchiacis
770 1250 824 1312 vix
840 1270 933 1332 posse
945 1247 1084 1312 dubitari
1102 1251 1247 1332 apparet,
1261 1269 1366 1313 conse

224 1361 333 1444 quitur
344 1359 564 1444 refragantem
575 1359 603 1423 ei
616 1363 717 1423 metro
728 1366 916 1439 saepiuscule
925 1358 1063 1422 formam
1075 1381 1092 1423 e
1104 1363 1256 1443 corrupto
1266 1380 1367 1423 exem·

224 1470 307 1556 plari
320 1469 464 1534 hausisse
479 1469 761 1554 glossographum:
776 1490 837 1533 nec
851 1468 939 1534 hunc
954 1472 1092 1552 tantum,
1109 1468 1165 1533 sed
1176 1468 1275 1533 etiam
1284 1467 1368 1534 Pris

226 1582 353 1645 cianum
368 1579 418 1644 III
431 1603 462 1663 p.
479 1580 538 1644 611
557 1580 634 1665 (104
648 1578 706 1659 Η.)
723 1578 864 1642 indidem
878 1579 958 1643 haec
973 1578 1205 1662 proferentem:
1227 1590 1261 1643 ut
1275 1584 1370 1644 nubat

225 1697 315 1756 midi:
326 1698 406 1755 illud
415 1696 534 1770 peridem
547 1695 680 1756 uolebam
692 1702 795 1754 uestro
806 1696 904 1754 culice.
917 1696 1106 1770 saepiuscule
1110 1711 1235 1770 peccas.
1252 1689 1372 1773 Exqui-

226 1801 367 1865 sitiorem
389 1807 540 1881 saepicule
555 1801 693 1864 formam
714 1800 811 1864 ctiam
828 1799 969 1884 Appulei
991 1800 1131 1864 imitatio
1156 1799 1371 1865 commendat.

309 1910 355 1975 ln
378 1910 627 1976 Cistellaria.
662 1911 699 1974 17
723 1916 999 1976 nudiussextus
1014 1910 1111 1994 (quod
1125 1910 1246 1975 rectius
1260 1916 1375 1977 nudius

225 2034 330 2087 sextus
359 2021 479 2085 scribes
512 2019 591 2084 duce
614 2020 729 2084 Plauto
752 2019 891 2085 Mostell.
926 2020 983 2103 IV,
1018 2021 1048 2099 2,
1072 2020 1115 2085 40
1136 2042 1184 2104 sq.
1208 2020 1287 2103 (956
1310 2024 1374 2108 sq.)

227 2134 297 2196 adm
319 2137 389 2194 aeri
409 2142 437 2195 et
459 2135 570 2195 nudius
592 2134 710 2206 tertius,
737 2133 879 2214 Quartus,
903 2138 1035 2210 quintus,
1057 2121 1292 2215 sextus‘usque)
1308 2154 1403 2197 non-

228 2244 335 2306 exstat
366 2241 402 2304 in
425 2240 470 2304 cis
492 2261 581 2323 quae,
597 2243 735 2305 aetatem
757 2240 901 2304 tulenmt
923 2240 1122 2306 Cistellariae
1145 2241 1306 2325 partibus.
1331 2280 1377 2292 -

227 2352 279 2416 Ad
301 2350 385 2416 idem
408 2371 511 2434 genus
533 2351 698 2434 pertinent
719 2354 739 2431 ξ
762 2351 804 2414 24
825 2357 935 2416 auidius
956 2363 1085 2430 quartus
1107 2350 1200 2418 Cure.
1224 2351 1251 2435 l,
1275 2352 1309 2435 3,
1333 2353 1379 2418 50

228 2461 319 2546 (206)
335 2461 509 2541 parasitum
525 2466 595 2525 misi
607 2462 719 2525 nudius
740 2473 870 2540 quartus
882 2464 1019 2544 Curiam3
1042 2465 1062 2543 ξ
1084 2462 1127 2525 44
1141 2467 1379 2529 nudiussextus

228 2571 408 2635 Trinummi
422 2569 482 2652 lll,
506 2571 536 2652 2,
564 2571 621 2634 101
640 2573 730 2657 (727)
747 2574 973 2637 nudiussextus
988 2574 1216 2651 quatralcutum
1242 2575 1380 2639 cauterem

229 2688 316 2746 Dedi.
362 2681 437 2745 Alia
466 2681 612 2763 exempla
633 2681 802 2764 Epidicus,
839 2682 1002 2765 Curculio,
1033 2683 1249 2747 Truculentus
1283 2705 1381 2768 prae-

229 2792 317 2857 bent.
352 2791 499 2855 Formam
522 2792 767 2875 grammaticam
787 2794 881 2877 tetigi
904 2793 987 2857 Mus.
1001 2792 1105 2857 Rhcn.
1122 2792 1184 2857 Vll
1200 2815 1233 2876 p.
1246 2794 1313 2858 599
1326 2816 1377 2880 sq.

317 2902 355 2966 18
377 2908 601 2978 summatim,
637 2902 716 2965 item
741 2904 780 2964 lu
802 2909 1026 2981 terripuiter
1053 2904 1176 2987 pariter
1199 2902 1239 2966 ed
1262 2902 1382 2970 Cistel-

230 3013 328 3077 lariae
350 3015 407 3074 aut
427 3011 548 3074 laceras
571 3033 704 3075 scaenas
727 3016 784 3076 aut
806 3013 987 3097 deperditas
1009 3015 1188 3097 pertinent.

313 3121 358 3184 ln
381 3120 632 3186 Curculione.
677 3122 1050 3188 ldaeatrouorsum:
1095 3124 1187 3188 Cure.
1211 3123 1239 3204 I,
1266 3127 1302 3207 1,
1339 3127 1384 3191 70

230 3233 299 3318 (70)
322 3236 358 3296 Si
379 3231 449 3296 dees
470 3239 597 3315 salutas,
622 3235 854 3298 dextrovorsum
875 3239 991 3299 cc'useo.

233 3357 435 3366 ———

298 3404 324 3469 t)
342 3401 430 3455 Versu
448 3406 463 3454 ’2
482 3418 546 3458 sese
564 3418 616 3471 pro
635 3421 666 3460 se
684 3401 886 3456 Ambrosianus
956 3409 971 3456 3
990 3410 1073 3472 atque
1092 3407 1215 3472 improlis
1234 3384 1325 3460 Vetus

231 3517 326 3567 qu...
346 3512 408 3549 cum
425 3510 525 3548 rasura
542 3494 641 3549 Vetus:
661 3500 727 3565 quia
746 3513 782 3548 m.
802 3512 855 3550 sec.
915 3498 1024 3564 aquea
1040 3500 1121 3565 coepi
1137 3496 1225 3550 Vetus
1287 3503 1381 3569 baui-

231 3593 293 3646 dcm
313 3590 440 3645 uolebam
458 3607 515 3646 nou
534 3592 586 3646 scd
603 3597 700 3646 nostro
721 3590 810 3645 vilico.
834 3591 895 3646 Pu.
918 3590 1048 3657 Scpicule
1069 3606 1173 3658 peccas
1190 3587 1286 3644 Vetus.
1325 3592 1381 3647 De·

231 3682 365 3736 teriorum
384 3683 509 3737 codicum
532 3682 702 3736 mentionem
720 3681 809 3735 sciens
828 3681 928 3747 omisis
940 3681 967 3734 in
986 3681 1173 3736 Ambrosiano
1192 3688 1285 3737 autem
1305 3685 1382 3740 ultra

232 3793 258 3828 v.
278 3783 301 3841 3,
319 3775 348 3828 in
367 3793 449 3842 quem
469 3775 571 3830 desinit
588 3774 707 3845 pagina,
731 3774 787 3843 legi
810 3774 879 3827 nihil
898 3773 996 3844 potuit.
1036 3774 1118 3846 [Sero
1135 3776 1300 3831 recordatus
1319 3796 1381 3832 sum

232 3869 282 3923 hoa
300 3887 395 3924 versus
413 3869 495 3924 aliter
519 3886 552 3924 aa
574 3871 694 3923 fortasse
717 3869 819 3922 rectius
842 3886 859 3922 a
882 3867 1060 3923 Fleckeiseno
1083 3871 1201 3924 tractari
1218 3870 1297 3925 Miso.
1317 3872 1379 3927 erit.

232 3980 259 4031 p.
276 3968 314 4015 10.
340 3966 429 4030 Aquo
449 3981 511 4017 cum
524 3965 667 4032 saepicule
685 3963 776 4016 forma
794 3961 939 4015 commode
958 3963 1134 4032 componitur
1145 3962 1269 4018 Andriae
1288 3983 1313 4018 v.
1329 3971 1381 4021 814

233 4054 393 4108 restitutum
415 4058 586 4124 prandicula
617 4058 658 4122 (ut
680 4057 866 4124 praedicatus
890 4055 1004 4110 Poenuli
1024 4057 1060 4122 ll,
1084 4060 1143 4124 35),
1172 4057 1247 4124 quod
1270 4056 1382 4113 librarii

235 4165 295 4201 euru
315 4146 409 4214 cisque
429 4148 576 4203 Cledonius
595 4150 622 4202 in
641 4151 849 4218 prandiusculu
869 4149 1088 4220 perverterunt]
