2850 5032
134 308 174 372 10
398 315 490 374 hura<
515 327 575 372 om
604 325 728 372 urumu
752 326 817 373 ons
840 327 1006 373 PLAUTUS.

131 479 277 564 gestiltct
307 478 441 564 warde),
477 478 542 541 und
578 478 760 542 beschreiht
793 478 839 542 sie
871 479 1183 564 folgendermasscn:
1219 481 1276 545 ‘In

131 590 232 655 altero
266 590 396 674 (vorher
423 590 466 653 ist
495 612 565 653 vom
592 589 771 654 Tertullian
800 590 850 653 die
879 589 981 675 liede)
1016 591 1123 655 codice
1152 593 1275 674 pariter

131 701 302 766 chartaceo
325 699 461 785 (infel.)
485 700 626 764 eiusdem
649 700 862 765 bibliothecae
878 724 974 765 manu
990 700 1115 766 Niccoli
1130 707 1272 787 exarato,

131 815 250 876 ettam
272 813 307 876 in
333 813 543 898 principiof'),
568 833 664 896 quam
687 811 727 874 ad
750 812 870 876 calcem
892 812 1005 875 mutilo
1027 834 1066 877 ac
1087 813 1274 877 semilacero

130 923 284 1007 leguntur
306 923 472 987 duodecim
493 922 600 986 Plauti
624 922 805 987 comoediae
827 923 953 986 noviter
974 926 1120 1006 repertae
1142 923 1203 988 hoc
1226 945 1274 987 or-

130 1034 215 1097 dine.
254 1032 378 1117 Prima‚
408 1055 488 1117 quae
517 1033 671 1116 acephala
699 1034 799 1117 est⁸)‚
829 1034 960 1116 incipit:
989 1033 1153 1099 Baccides.
1190 1033 1272 1110 Quid

130 1143 158 1207 si
190 1143 251 1207 hoc
283 1144 367 1227 potis
401 1149 463 1209 est:
499 1148 535 1208 ut
566 1148 691 1225 taceas,
726 1165 786 1228 ego
814 1144 940 1228 loquar3
974 1145 1078 1228 lepide
1105 1136 1183 1208 licet
1211 1148 1272 1209 etc.

129 1253 172 1318 II.
196 1254 303 1318 Plauti
325 1254 522 1318 Mostellaria
543 1255 661 1339 incipit
681 1254 827 1319 feliciter.
873 1257 1121 1339 Argumentum.
1160 1255 1273 1319 Manu·

130 1364 219 1429 misit
241 1368 365 1448 emptos
388 1387 460 1429 suos
483 1387 606 1429 amores
621 1364 823 1429 Philolaches
846 1369 907 1429 etc.
952 1365 1010 1428 III.
1035 1366 1274 1449 Argumentum
1308 1356 1311 1360 ’

129 1476 164 1539 in
192 1474 398 1540 Menechmos
427 1475 544 1541 Plauti.
600 1476 761 1540 Mercator
788 1476 922 1559 siculus,
954 1475 1004 1539 cui
1032 1478 1124 1539 erant
1152 1476 1273 1560 gemini

130 1586 189 1650 filii
211 1589 272 1651 etc.
317 1585 374 1650 IV.
405 1585 512 1650 Plauti
535 1586 628 1650 Miles
650 1587 808 1671 gloriosus
836 1587 952 1670 incipit
979 1587 1127 1650 feliciter.
1173 1586 1273 1649 lllcre

129 1697 243 1761 tricem
265 1696 404 1761 Athenis
432 1696 596 1781 Ephesum
626 1697 718 1761 miles
747 1696 855 1761 avehit
883 1701 943 1762 etc.
987 1697 1027 1761 V.
1061 1696 1168 1761 Plauti
1191 1697 1272 1760 Mer-

130 1812 220 1872 cator
251 1808 367 1892 incipit
394 1783 546 1872 feliciter:
583 1808 701 1873 Missus
729 1811 907 1872 mercatum
936 1810 976 1872 ab
1004 1831 1060 1872 suo
1089 1807 1273 1872 adolescens

129 1923 221 2002 patre
244 1922 304 1983 etc.
350 1918 406 1982 VI.
431 1918 538 1982 Plauti
561 1918 679 1983 Poetae
701 1919 853 1983 Psedolus
875 1920 992 2003 incipit
1012 1919 1159 1982 feliciter.
1198 1918 1272 1981 Pro-

129 2028 232 2111 logus.
270 2028 455 2092 Praesentis
477 2033 627 2093 numerat
648 2030 830 2113 quindecim
851 2030 942 2093 miles
965 2029 1069 2092 minas
1092 2035 1153 2093 etc.
1199 2028 1271 2093 Vll.

130 2137 237 2202 Plauti
261 2142 486 2222 argumentum
508 2139 542 2202 in
566 2138 723 2202 Penulum
744 2139 861 2222 incipit
887 2139 942 2203 fel.
971 2139 1055 2202 Puer
1077 2139 1273 2222 septicenuis

64 2259 110 2308 161
131 2248 308 2331 subripitur
330 2249 560 2334 Chartagincm
583 2254 643 2314 etc.
688 2248 778 2313 VIII.
803 2249 910 2314 Plauti
932 2249 1031 2313 Persa
1061 2249 1178 2332 incipit
1204 2249 1272 2313 feli·

131 2359 220 2423 citer.
249 2362 503 2443 Argumentum:
531 2360 679 2424 Profecto
694 2360 823 2424 domino
838 2382 911 2424 suos
927 2382 1049 2424 amores
1065 2360 1195 2425 Toxilus
1212 2365 1271 2425 etc.

129 2468 187 2533 IX.
222 2469 344 2555 Incipit
371 2470 531 2534 Rudentis
558 2475 794 2555 argumentum.
852 2470 928 2534 Reti
954 2471 1096 2555 piscator
1123 2472 1161 2535 de
1190 2471 1273 2534 Mari

130 2581 269 2645 extraxit
291 2581 434 2645 vidulum
456 2585 517 2645 etc.
562 2581 601 2645 X.
625 2581 693 2646 Ine.
718 2580 766 2646 Pl.
791 2580 921 2645 Stichus
942 2580 997 2645 fel.
1023 2582 1271 2666 Argumentum.

130 2690 234 2756 Senex
264 2693 402 2776 castigat
429 2691 513 2755 filias
520 2742 528 2774 ,
564 2694 646 2775 quod
675 2692 735 2756 hae
764 2692 847 2755 viros
875 2694 936 2755 etc.
988 2691 1044 2755 XI.
1069 2692 1176 2756 Plauti
1204 2691 1273 2754 Tri-

128 2824 279 2866 nummus
293 2802 356 2865 inc.
372 2802 443 2866 fel:
466 2801 665 2866 Tensaurunr
689 2803 872 2867 abstrusum
895 2803 1006 2867 abiens
1028 2823 1161 2886 peregre
1177 2801 1273 2867 Char·

128 2912 230 2977 mides
264 2916 325 2976 ete.
385 2912 458 2977 XII.
495 2913 648 2976 Eiusdem
681 2912 788 2977 Plauti
822 2914 1036 2978 Truculentus
1068 2913 1186 2997 incipit
1217 2911 1272 2976 fel.

129 3024 377 3108 Argumentum.
416 3023 494 3087 Tres
517 3047 614 3088 unam
637 3030 773 3107 pereunt
791 3024 1008 3088 adolescentes
1023 3023 1188 3087 mulierem
1212 3027 1271 3088 etc.

129 3132 219 3197 Haec
242 3134 281 3198 ad
305 3133 424 3198 calcem
446 3134 560 3199 mutila
582 3140 646 3216 est,
671 3134 880 3218 explicitque:
903 3134 987 3198 Eum
1010 3155 1079 3197 esse
1101 3134 1185 3216 apud
1208 3156 1273 3197 me:

129 3244 276 3308 minime:
305 3245 369 3308 iam
393 3245 482 3308 abio:
516 3244 598 3318 Quid
620 3247 716 3328 opus!
762 3245 834 3308 lure
856 3266 927 3307 mea
950 3244 1091 3307 triduum
1113 3242 1174 3307 hoc
1197 3245 1271 3307 etc!

129 3354 225 3418 Diese
247 3355 417 3420 immcrhin
440 3356 604 3440 dlirftigen
620 3355 872 3439 Mittheilungen
895 3355 968 3418 sind
990 3352 1181 3438 gleichwohl
1203 3351 1274 3417 hin-

128 3464 298 3547 reichencl,
327 3488 380 3529 um
407 3467 468 3529 mit
490 3464 670 3530 Sicherheit
698 3466 748 3529 dic
771 3463 1057 3529 Verwandtschaft
1085 3463 1140 3526 ‹ler
1163 3462 1274 3527 Hand·

128 3574 244 3640 schrift
266 3576 326 3639 mit
348 3576 452 3640 elenen
474 3576 528 3639 cles
551 3575 752 3640 Camerarius
782 3576 945 3639 erkcnnen
968 3598 1006 3638 zu
1029 3573 1150 3637 lassent
1178 3597 1274 3637 wenn

127 3687 187 3750 wir
202 3686 283 3751 auch
299 3686 392 3750 nicht
407 3690 516 3770 spiiter
532 3685 615 3750 noch
629 3686 924 3750 unzweifelhaftere
941 3684 1060 3768 Bclege
1080 3683 1273 3767 beihringen

129 3891 195 3944 acht
215 3890 330 3945 Stlicke:
358 3909 379 3944 a.
403 3889 435 3943 H.
459 3888 521 3943 Keil
541 3888 580 3941 im
600 3888 762 3957 Philologus
785 3890 796 3941 l
814 3907 841 3958 p.
863 3893 910 3942 182
930 3889 984 3951 (wo
1001 3887 1071 3940 abor
1093 3895 1186 3943 ‘soce
1210 3887 1272 3942 A'l’

129 3983 190 4038 blos
208 3983 390 4039 Druchlehlcr
412 3985 456 4036 fiir
478 3992 570 4040 ‘soce
590 3983 622 4039 X
627 3984 663 4038 V'
681 3982 730 4049 ist,
753 3982 805 4035 eric
823 3982 908 4035 schon
927 3981 1037 4050 Prolcg.
1057 3998 1083 4048 p.
1104 3979 1165 4032 XLI
1187 3980 1271 4032 Anni.

130 4076 259 4130 bemcrlrt
276 4077 399 4145 wurdell

197 4173 224 4235 8)
242 4169 380 4222 llierllber
397 4169 469 4223 hubo
487 4170 531 4223 ich
550 4170 722 4224 anderwhrts
740 4168 913 4239 gesprochcn
933 4167 994 4236 [mle
1012 4165 1105 4220 Plauti
1124 4165 1271 4219 Bacchidi-

129 4262 196 4316 bus’
215 4261 243 4315 in
261 4263 385 4329 Parerga
402 4263 413 4315 l
431 4281 458 4331 p.
478 4269 527 4317 394
546 4263 594 4332 lfl.
624 4263 731 4318 Niceoli
749 4262 858 4317 schricb
876 4261 1017 4316 natflrhch
1035 4260 1080 4314 die
1099 4259 1158 4313 vier
1176 4261 1273 4313 ersten

131 4353 460 4427 allgemeingbeka‘mtau
476 4354 579 4413 sache
596 4355 675 4413 nicht
691 4356 743 4414 mit
760 4357 805 4413 ab.
