2850 5032
133 311 197 374 414
447 328 494 386 nn
517 326 733 375 snovnnnro
756 327 976 378 nonosrreno

133 481 192 543 bus
221 481 287 565 legi
315 480 461 544 audierit.
506 479 608 555 Quem
636 481 776 565 primum
803 481 849 545 sic
882 481 1037 566 pervertit
1065 480 1217 566 Pylades:

135 597 205 655 dum
232 611 336 655 serora
362 597 437 655 hero
465 601 594 675 amanti,
623 593 670 654 ita
701 595 807 655 autem
829 595 865 655 ut
886 614 974 656 nuno
995 591 1149 676 vulgetur
1172 589 1221 656 Ca:

67 715 73 722 ·
133 696 237 765 rarius
254 701 431 766 constituit.
448 701 611 767 -Tertio
625 724 718 766 versu
735 724 807 765 cum
821 702 856 766 in
872 702 1002 786 reliquis
1019 701 1113 766 libris
1128 702 1221 786 script

133 810 176 874 sit
201 820 284 891 ipsus
309 824 434 896 captas,
464 813 498 876 in
522 811 639 876 Vetere
667 815 790 895 autem,
824 834 1018 898 quamquam
1046 835 1063 876 e
1090 816 1221 877 correct

132 928 215 1002 ipsus
241 935 378 1006 captust,
412 945 474 1006 quo
502 923 670 987 Deeurtati
702 944 826 1008 quoque
856 923 1015 1006 scriptura
1044 927 1172 1008 spectat
1203 930 1221 1004 1]

132 1043 262 1117 capstst,
292 1034 419 1098 inverso
453 1032 563 1097 ordine
590 1044 699 1114 captus
726 1041 822 1113 ipsust
849 1033 971 1097 invexit
998 1032 1154 1118 Pylades,
1190 1056 1221 1118 qr

133 1141 268 1207 Bothius
291 1144 443 1229 sequitur,
459 1155 567 1225 coptus
588 1152 670 1224 ipsus
692 1144 814 1227 placuit
834 1146 907 1228 post
922 1143 1141 1208 camerarium
1152 1142 1221 1207 Vlti

132 1263 253 1334 captust
278 1260 360 1334 aprus
387 1255 554 1339 vulgatum
582 1258 632 1318 est
658 1254 733 1318 inde
762 1276 780 1317 a
803 1255 951 1318 Grutero.
997 1253 1041 1317 Et
1068 1253 1153 1339 quod
1180 1253 1220 1316 ed

132 1364 263 1429 voculae
290 1365 483 1449 positionem
512 1364 642 1448 attinet,
677 1364 858 1428 Plautinum
886 1386 1006 1428 morem
1034 1386 1150 1448 parum
1178 1363 1221 1428 vel

130 1479 373 1560 perspexerunt,
397 1476 493 1561 quia
521 1475 691 1559 participio
714 1497 770 1539 suo
791 1474 982 1559 diremptam
1010 1496 1083 1538 cum
1106 1482 1190 1554 ipsus
1211 1474 1221 1538 i

133 1589 260 1668 xerunt,
278 1585 335 1649 sel
358 1587 411 1671 qui
435 1591 525 1651 datus
546 1586 716 1669 participio
731 1587 874 1650 iunctam
896 1607 988 1670 possa
1005 1585 1104 1648 etiam
1120 1585 1161 1648 ad
1176 1606 1221 1665 cap

132 1695 295 1780 pertinere
322 1700 521 1760 statuerunt:
554 1695 637 1780 quod
670 1699 707 1759 ut
732 1696 768 1760 in
797 1696 953 1760 adiectiva
975 1717 1053 1759 sane
1077 1695 1188 1777 cadat,
1215 1718 1221 1758 1

80 1822 89 1834 ‘
133 1806 220 1870 eadit
241 1806 276 1870 in
299 1829 352 1870 eas
368 1807 536 1871 verbomm
557 1806 678 1870 formas
701 1806 963 1891 periphrastieaS,
986 1828 1044 1890 pro
1066 1806 1183 1891 quibus
1205 1804 1221 1868 h

133 1918 296 1982 commode
318 1917 381 1982 diei
405 1918 503 1982 etiam
525 1924 648 1997 capitur
671 1921 703 1981 et
725 1922 818 1983 datur
839 1920 997 2002 potuerat.
1042 1916 1118 1980 Non
1146 1915 1220 1979 solet

132 2027 251 2091 talibus
278 2039 322 2092 est
348 2027 452 2091 omitti
482 2050 501 2092 a
523 2027 654 2109 Plauto,
689 2049 749 2091 nec
773 2027 922 2092 convenit
949 2049 986 2091 ea
1008 2027 1139 2091 omissio
1160 2027 1221 2090 ins

131 2159 258 2202 monem
291 2138 376 2203 vitae
412 2137 601 2202 cotidianae.
660 2136 750 2213 Quod
782 2117 910 2221 quidem
956 2159 1059 2222 genus
1097 2138 1221 2201 univers

132 2247 194 2311 diei
216 2249 328 2333 nequit
350 2271 446 2332 quam
468 2252 500 2312 et
522 2247 586 2312 late
607 2251 718 2333 pateat
746 2251 778 2311 et
799 2248 966 2332 ignoretur
988 2247 1029 2311 ab
1052 2247 1221 2311 editoribus

131 2358 295 2421 turbatum
317 2358 359 2422 sit
381 2359 416 2422 in
438 2357 647 2423 deterioribus
672 2357 882 2443 codicibus.*)
899 2395 940 2405 -—
955 2357 1144 2441 Impeditior
1171 2361 1215 2422 est

131 2467 222 2533 hiatu
250 2468 403 2554 quaestio.
447 2467 523 2532 Non
545 2468 650 2533 dicam
673 2472 779 2533 autem
802 2472 914 2533 eontra
943 2489 1011 2551 eos,
1036 2469 1091 2553 qui
1114 2468 1220 2552 quovis

131 2579 200 2644 loco
223 2583 255 2642 et
281 2580 374 2643 modo
390 2578 563 2642 admissum
585 2578 709 2642 hiatum
735 2583 913 2643 concocunt
934 2579 1157 2663 concoctisque
1179 2578 1221 2641 bor

132 2712 241 2754 versus
265 2693 455 2755 consecant:
479 2690 550 2774 quis
565 2690 650 2753 enim
673 2689 781 2754 lavare
803 2691 936 2753 laterem
957 2690 1100 2753 animum
1121 2689 1221 2753 induor

131 2799 251 2864 Verum
284 2801 336 2885 qui
370 2801 404 2863 in
438 2800 508 2883 ipsa
544 2822 675 2864 caesura
706 2800 903 2865 senariorum
927 2800 1099 2863 admissum
1133 2803 1221 2864 tutan

91 2913 96 2922 '
131 2914 226 2994 atque
248 2909 455 2992 defensitant,
480 2932 533 2973 eos
550 2914 634 2974 certe
650 2911 757 2995 aliqua
779 2912 903 2975 ratione
919 2932 1015 2995 agere
1038 2910 1221 2975 coneedend

131 3024 189 3084 est.
233 3019 303 3084 Neo
331 3043 390 3105 ego
421 3019 482 3084 hoc
504 3044 679 3106 numquam
706 3021 830 3087 factum
853 3021 1060 3087 contendam:
1090 3022 1147 3085 sed
1168 3027 1221 3084 tan

130 3134 167 3194 ut
187 3130 238 3194 vel
260 3132 293 3195 id
315 3153 417 3216 genus
440 3131 536 3216 longe
552 3132 734 3214 artioribus,
758 3154 854 3215 quarn
869 3132 967 3217 vulgo
986 3132 1137 3213 creditur,
1160 3131 1221 3196 finit

131 3262 198 3304 esse
228 3242 501 3325 circumscriptum
527 3245 646 3327 putem.
692 3242 737 3306 Et
762 3246 888 3307 tantum
916 3241 1045 3320 quidem
1072 3265 1139 3307 non
1171 3246 1221 3326 pot

131 3373 198 3415 non
226 3350 337 3416 haberi
369 3353 595 3436 certissimum,
625 3375 691 3417 non
719 3353 914 3438 elegantiam
936 3353 1097 3437 quandam
1119 3354 1221 3438 interp

130 3462 265 3527 tandum
292 3484 419 3527 omnem
446 3462 570 3526 hiatum
599 3485 683 3545 esse,
722 3485 818 3548 quam
846 3464 911 3528 sint
933 3464 1047 3528 sectati
1069 3469 1194 3547 poetae,

130 3573 296 3640 licentiam
318 3573 424 3657 potins
446 3595 543 3657 quam
564 3574 627 3637 sibi
648 3573 851 3638 indulserint.
896 3572 987 3648 Quod
1009 3574 1036 3638 si
1057 3573 1103 3637 ita
1119 3578 1179 3658 est,
1203 3596 1221 3659 q

129 3684 260 3748 tandem
283 3706 413 3748 caussae
435 3684 533 3747 fuisse
556 3687 703 3767 putemus
710 3736 719 3768 ,
744 3706 800 3748 cur
821 3684 956 3749 licenter
977 3683 1085 3748 faeere
1107 3689 1206 3768 poeta

130 3816 239 3858 versus
267 3794 395 3878 mallet,
425 3816 502 3878 quos
531 3795 658 3879 quidem
680 3794 769 3859 nullo
791 3796 938 3879 negotio,
961 3815 1029 3859 non
1052 3794 1186 3860 adscitis
1214 3819 1221 3860 1

129 3907 270 3988 vocibus,
293 3928 360 3970 non
382 3908 505 3968 mutata
526 3904 646 3990 integri
669 3906 828 3970 enuntiati
852 3906 1119 3988 conformatione,
1136 3905 1221 3992 legit

131 4018 163 4078 et
190 4016 355 4100 eleganter
383 4015 514 4100 posset?
543 4038 599 4079 our
631 4024 715 4096 rpsus
741 4029 862 4097 captust
893 4015 1004 4079 mallet
1031 4038 1131 4102 quam
1165 4039 1221 4100 cop

129 4131 211 4205 ipsus
227 4125 391 4190 seribere?
416 4126 471 4208 At,
494 4126 609 4210 inquit,
627 4127 847 4211 ἃγέγραπται,
870 4128 1056 4207 γέγραπται.
1088 4125 1221 4193 Nolon

197 4364 221 4432 1)
241 4361 325 4434 [nae
346 4364 455 4432 Proleg.
474 4382 500 4433 p.
522 4361 580 4418 cnr
599 4380 638 4432 sq.
660 4367 688 4418 a
705 4364 773 4419 na.
794 4329 880 4419 anes.
900 4362 952 4418 vn
970 4382 998 4436 p.
1019 4372 1070 4421 sos
1088 4367 1144 4438 aa]
