2850 5032
170 281 233 344 424
520 293 738 354 vnnmoovm
765 292 954 342 11111111.

170 431 412 514 induxerimus?
433 449 545 512 eadem
564 470 696 538 prorsus
718 447 877 513 vocalium
899 447 1080 513 mutatione
1094 469 1158 533 qua
1173 436 1194 513 1
1204 468 1269 513 caui

170 567 299 626 claudus
330 566 475 624 claudere
499 563 658 636 fraudare
685 559 774 623 facte
809 562 886 622 sunt
913 580 1077 624 accessere
1108 552 1229 624 cludus'
1249 580 1269 624 o

171 679 243 737 dere
272 674 443 750 defrudorc
466 674 601 748 frustra.
647 668 716 734 Nec
744 669 876 751 mirum,
912 692 985 734 cum
1012 669 1120 754 prisca
1151 671 1254 734 estete

172 790 267 847 reduci
287 785 319 846 et
342 802 463 845 raucae
484 780 693 863 scriberetur,
719 781 874 844 mansisse
897 779 1056 844 duriorem
1077 801 1193 844 sonum
1214 779 1249 843 in

172 899 256 974 tero,
286 893 321 955 in
350 890 450 953 altero
479 891 610 954 cessisse
638 890 790 971 molliori,
826 885 954 974 quando
990 893 1023 955 et
1049 903 1168 955 centum
1195 895 1269 954 duce

173 1010 272 1069 viceni
300 1007 423 1066 triciens
451 1004 483 1063 et
509 1003 620 1064 tamen
648 1006 869 1079 qucdriuqcuti
896 1007 1041 1080 nouqcnti
1061 1007 1170 1080 oiqiuti
1189 1006 1269 1079 triqir

174 1136 246 1179 cum
268 1110 423 1176 similibus
445 1110 593 1193 probavit
616 1110 826 1194 consuetudo·
844 1110 1019 1196 parilisque
1042 1110 1260 1175 mconstentia

173 1223 291 1289 eisdem
313 1222 392 1285 odeo
414 1220 640 1285 vocabulorum
662 1221 773 1285 formis
796 1221 923 1286 duravit
944 1226 982 1285 ut
1003 1228 1141 1288 curculio
1161 1227 1269 1301 qurqut

174 1338 512 1413 demitteredemittere,
535 1338 658 1411 ueclcqo
673 1339 817 1412 ucqieqo:
841 1333 932 1417 (nem
953 1352 1036 1417 quae
1058 1331 1122 1395 elia
1145 1329 1269 1414 apudF

172 1449 242 1509 tum
263 1443 465 1528 potissimum
488 1445 632 1526 exstent,
664 1446 912 1507 commemorata
934 1465 953 1506 a
975 1441 1130 1506 Muellcro
1152 1465 1184 1527 p.
1200 1442 1257 1524 23,

128 1569 155 1618 ιν
173 1563 273 1620 clume
300 1561 419 1637 qlumu,
448 1559 607 1618 elucidare
632 1560 809 1632 qlucidure,
840 1575 903 1637 quo
930 1561 1121 1633 quincentum
1151 1551 1269 1616 accedit

173 1689 205 1750 p.
228 1665 307 1748 254,
336 1665 388 1747 20,
423 1664 492 1747 ipso
526 1664 640 1728 aetatis
668 1663 837 1728 interuallo
871 1663 1010 1728 discrete
1044 1684 1113 1727 esse
1146 1661 1269 1727 vidente

176 1782 206 1839 N
211 1797 342 1840 aucum
373 1776 481 1838 eutem
508 1794 566 1857 pro
595 1795 630 1837 rc
652 1779 742 1838 11111111
768 1773 832 1838 dici
860 1776 951 1837 extra
981 1773 1231 1837 controversiam
1258 1794 1269 1835 ε

175 1888 241 1950 1111
265 1887 305 1950 ob
320 1883 408 1949 oleae
430 1884 562 1948 nucisve
584 1882 746 1968 iuglandis
775 1884 929 1948 interiore
951 1883 1202 1968 dissaepimento
1223 1904 1269 1946 me

175 1999 334 2061 breneceo
362 1995 428 2059 sive
456 2016 476 2056 a
503 1993 599 2059 simili
627 1994 787 2077 particule
812 1994 909 2058 fabae
943 2014 1045 2079 grano
1074 1993 1269 2058 inhaerescei

175 2108 242 2172 sive
264 2128 283 2170 1
306 2103 520 2190 quarumlibet
541 2126 647 2168 rerum
669 2105 835 2188 putamine
866 2104 1011 2188 profecta
1034 2108 1084 2168 est
1105 2103 1194 2167 vocis
1216 2107 1269 2167 nol

175 2241 252 2282 nam
267 2217 305 2280 de
324 2216 385 2279 hoc
401 2216 620 2279 controversas
636 2237 714 2279 sene
729 2215 1014 2300 grammaticorum
1035 2213 1215 2278 sententies
1237 2236 1269 2297 ep

176 2329 305 2392 Festum
328 2349 359 2408 p.
386 2324 446 2389 166
470 2326 662 2408 compositas
684 2325 800 2410 hebes,
824 2347 977 2409 suamque
999 2324 1236 2389 dubitationem
1257 2324 1267 2386 i

176 2437 344 2502 Plautinus
367 2433 508 2509 servolus
536 2434 777 2519 significaverat
799 2435 1044 2520 grammaticum
1067 2457 1170 2521 egens
1192 2434 1269 2499 Most

176 2549 326 2612 1111111.
354 2545 450 2610 1041:
487 2548 545 2620 (lui
569 2551 657 2610 ltomo
685 2553 807 2611 timidus
835 2554 893 2610 erit
920 2553 950 2610 iu
979 2551 1068 2610 rebus
1090 2551 1206 2623 dubiis,
1232 2568 1269 2609 uo

175 2683 235 2724 uon
268 2666 340 2751 crit:
377 2662 474 2736 Atque
495 2663 632 2735 equidem
661 2663 736 2736 quid
763 2663 796 2721 r'd
822 2678 885 2721 esse
913 2664 1013 2721 dicem
1044 2662 1166 2721 11111111
1195 2664 1269 2720 ‘nau

176 2777 286 2835 nescio.
332 2767 537 2831 Affinitatem
567 2769 674 2830 autem
702 2767 868 2850 utriusque
897 2771 929 2830 et
956 2766 1103 2832 vocabuli
1126 2769 1159 2830 et
1181 2767 1269 2830 notio

178 2880 273 2963 plene
293 2880 432 2942 testetur
446 2875 615 2940 Ennianus
632 2877 715 2960 apuil
730 2876 860 2941 Festum
883 2878 1042 2941 senarius:
1065 2883 1135 2942 Illic
1159 2881 1203 2941 e'st
1226 2900 1269 2955 1111Ι

177 2996 226 3046 tor
256 2984 360 3060 utttiti,
394 3008 455 3050 nou
483 2980 602 3051 educet
629 2994 732 3052 ltorno:
770 2987 824 3051 ubi
854 2988 1045 3051 servandum
1067 2987 1157 3071 prius
1179 2999 1224 3051 est
1245 2988 1266 3050 il

178 3093 335 3176 duximus,
359 3096 442 3178 quod
464 3096 591 3161 induxit
613 3098 751 3163 loannes
774 3097 939 3163 Vahlenus
962 3100 1071 3162 noster
1099 3120 1132 3181 p.
1161 3099 1230 3162 154.

179 3204 281 3268 sensit
310 3227 380 3268 eam
404 3206 597 3271 affinitatem
621 3210 717 3273 etiam
741 3209 872 3273 Atteius
892 3208 1096 3292 Philologus,
1122 3231 1256 3273 daucum

180 3337 256 3379 cens
274 3323 352 3395 pont
368 3339 428 3397 pro
447 3325 546 3401 uuqis,
570 3319 651 3382 nihil
674 3322 782 3383 tamen
806 3321 843 3383 de
866 3340 942 3384 veru
966 3318 1160 3403 cognatione
1183 3318 1270 3403 suspi

179 3427 231 3489 tus
253 3429 289 3490 ut
313 3426 445 3491 videtur.

263 3536 353 3601 Haec
376 3541 499 3622 autem,
529 3540 732 3622 quantumvis
754 3540 889 3604 sortasse
911 3539 1123 3624 probabiliter
1146 3539 1269 3623 disputa

179 3669 370 3731 numquam,
402 3649 536 3730 credite,
566 3649 731 3713 verbiscum
764 3649 1028 3714 communicanda
1057 3654 1261 3733 putassemus

179 3757 275 3821 nimis
299 3758 384 3822 enim
406 3758 457 3822 vel
479 3758 567 3822 facili
590 3760 640 3822 vcl
662 3758 725 3823 levi
748 3760 931 3825 coniectura
960 3761 1055 3824 nimis
1079 3759 1182 3824 multa
1205 3761 1241 3825 in
1264 3760 1269 3824 l

179 3886 297 3948 genere
319 3869 416 3932 nimis
438 3868 560 3933 lubrico
582 3869 745 3953 luduntur,
770 3892 851 3954 quae
872 3870 938 3934 dies
954 3871 1016 3934 diei
1033 3869 1192 3934 abolende
1215 3874 1269 3936 tra

179 4016 221 4024 —
243 3978 306 4041 nisi
328 4000 393 4042 non
416 4000 508 4062 posse
530 3982 665 4062 tontum,
681 3980 727 4042 111
750 4002 833 4063 esse,
859 3980 913 4044 sed
936 4002 1005 4044 esse
1027 4001 1140 4063 reapse
1163 3986 1215 4045 snt
1238 4004 1269 4046 ce

180 4087 339 4151 videretur
360 4089 572 4153 demonstrari
594 4111 697 4174 posse.
743 4089 779 4153 111
802 4093 952 4175 promptu
975 4092 1063 4154 enim
1085 4093 1177 4173 sunt,
1208 4091 1269 4175 qui

181 4219 293 4279 parum
315 4198 453 4262 tribuere
476 4199 627 4264 multiscii
650 4199 892 4283 etymologistae
915 4201 1017 4264 nostri
1040 4200 1156 4282 solent,
1180 4202 1269 4265 cestii

180 4306 249 4368 nia:
272 4328 373 4389 pauco
396 4307 510 4391 fateor,
534 4309 589 4373 sed
611 4312 720 4374 tomen
741 4313 897 4392 quantum
922 4310 1011 4373 setis.
1040 4309 1194 4374 Testatur
1217 4314 1269 4376 cul
