2850 5032
476 118 611 166 scurris
633 118 810 167 ouourosr.
1152 105 1213 167 lll

57 272 177 356 vulqp
202 294 266 337 nou
300 270 467 357 cognitum
499 292 538 337 cx
572 270 663 335 libris
696 272 879 337 omuibus
913 274 1046 339 restitue
1075 272 1144 338 lllil.
1176 272 1219 355 ll,

55 384 104 467 2,
153 383 200 448 tl:

220 526 291 601 quoi
311 522 377 582 bini
399 522 536 583 custodes
559 542 675 599 semper
701 525 773 583 totis
796 526 877 585 horis
900 527 1064 591 decubant:

53 660 273 721 tamennon
300 652 427 717 videtur
452 654 569 719 rationi
600 658 851 720 cousentaneum
875 656 965 740 illud,
997 662 1040 738 ut,
1065 657 1118 741 qui
1143 680 1221 721 sane

53 765 232 850 ceteroqui
258 763 458 849 obhaeserit,
486 764 664 830 obhaercns
692 770 799 831 cristes
834 788 871 830 co
903 771 1047 851 tempore
1083 766 1219 847 dicatur,

51 896 153 963 quo
167 896 358 961 nequaquam
385 874 565 940 oecobabat
592 877 770 959 custoditis,
800 875 855 941 sed
878 876 1112 962 aliquantisper
1134 877 1222 942 dero·

47 986 164 1050 uoto
184 984 322 1051 custodia
349 985 385 1051 iu
407 985 532 1051 vicinas
559 986 685 1072 tegulas
708 988 905 1072 exspatiatus
930 992 999 1052 eraut
1020 989 1132 1071 simiae
1155 1010 1221 1052 scc-

47 1094 192 1161 iandce
217 1117 347 1179 caussa,
377 1118 436 1183 per
464 1118 595 1182 eamque
623 1098 728 1183 ipsam
755 1099 956 1185 occasionem
983 1098 1166 1163 osculantes
1189 1103 1222 1163 et

50 1206 296 1288 amplexantes
317 1206 587 1272 Philocomasium
610 1213 642 1273 et
664 1209 822 1294 hospitem
845 1208 989 1273 viderat:
1022 1210 1062 1273 ci.
1087 1208 1153 1272 llil.
1177 1208 1220 1284 ΙΙ,

50 1314 101 1391 2,
150 1316 184 1381 19.
209 1318 260 1383 22.
290 1316 385 1402 H,3
413 1318 485 1383 init.
511 1320 561 1384 13.
588 1320 627 1384 16
649 1342 695 1405 sq.
740 1319 853 1404 ltaque
881 1342 946 1382 uon
970 1323 1137 1384 oblcocrcus·
1168 1342 1222 1403 po-

50 1419 151 1486 fille
167 1449 253 1512 quarn
275 1434 464 1494 oberrans
485 1428 565 1494 illud
587 1429 676 1495 vidit.
728 1429 874 1495 Ceterum
912 1452 975 1494 nou
1010 1435 1059 1493 est
1094 1429 1222 1493 silentio

55 1538 395 1614 praetermittendum
427 1540 461 1603 in
489 1538 626 1604 Etrusco
660 1540 768 1605 codice
799 1541 877 1604 (liras
906 1539 1029 1604 litteras
1065 1546 1222 1604 extremas

57 1641 262 1715 obhaerems
283 1650 463 1734 scripturae
484 1672 502 1715 e
525 1655 707 1715 correctura
729 1672 807 1715 esse.
831 1689 874 1700 —
896 1649 1018 1714 Eodem
1031 1655 1138 1714 autom
1161 1650 1222 1713 Ar·

59 1761 334 1831 generarem
363 1760 448 1845 quod
470 1782 508 1824 ex
541 1782 606 1824 uuo
627 1760 802 1826 Decantato
825 1761 1064 1844 suscipiendum
1087 1759 1221 1825 Bothius

59 1856 229 1935 intellexa
250 1877 342 1954 videt,
367 1870 495 1936 exhibet
520 1871 617 1936 etiam
641 1872 751 1937 Vetus.
796 1872 972 1957 Repugnat
994 1871 1217 1936 Paenultiruus
1235 1887 1272 1938 tu

61 1973 142 2052 Pali
171 1981 315 2046 inscitiae
343 1981 562 2067 neglegentia,
592 1983 646 2066 qui
669 1983 878 2067 praeteritum
901 1990 1026 2067 tempus
1049 1983 1217 2047 offensioni

64 2073 172 2154 (ὤθεε
193 2090 307 2156 Bothio
330 2091 434 2156 dicat:
457 2114 551 2177 quem
574 2093 643 2158 sola
664 2094 764 2157 movit
788 2116 991 2157 numerorum
1015 2095 1107 2158 rectio.
1138 2093 1218 2157 Tam

71 2191 159 2261 enim
174 2202 391 2287 importunum
405 2201 461 2267 illo
475 2203 604 2287 quidem
625 2203 696 2268 loeo
718 2204 929 2288 spondiaeum
945 2204 1135 2268 vocabulum
1158 2208 1218 2287 est,

76 2301 115 2362 nl
133 2327 208 2376 sano
228 2312 373 2398 exemplo
394 2312 483 2378 nullo
505 2313 706 2379 defendatur.

160 2418 248 2488 Nono
280 2445 404 2510 quoquc
426 2446 519 2488 versu
541 2446 661 2508 veram,
692 2448 886 2510 quamquam
909 2424 1122 2507 dubitantius,
1160 2424 1219 2487 llo·

10 2518 12 2539 ¹
96 2516 166 2591 llius
190 2534 265 2599 vidit
296 2557 353 2619 pro
380 2542 529 2600 ridiculus
557 2536 783 2601 commendans
814 2542 968 2619 ridiculis,
1000 2535 1081 2620 qucul
1115 2535 1219 2618 ipsum

104 2626 243 2714 usura
264 2646 298 2709 in
321 2650 454 2730 utroque
469 2644 620 2710 Palatino
643 2671 712 2709 esse
736 2649 877 2732 itemque
900 2648 933 2709 in
949 2646 1087 2710 Etrusco
1111 2650 1219 2710 nostro

44 2738 56 2749 ‘
110 2750 217 2828 aprima
237 2778 345 2820 manu.
374 2756 508 2821 Prorsus
525 2757 677 2820 abhorret.
700 2780 719 2820 a
737 2758 887 2822 Plautina
911 2761 996 2821 corte
1012 2757 1219 2842 simplicitate

111 2850 160 2921 llll
181 2867 367 2931 constructio
394 2873 543 2932 ridiculae
570 2874 702 2933 laeditur:
731 2869 918 2952 praesertim
953 2890 1023 2931 cum
1057 2890 1115 2931 usu
1140 2869 1219 2931 sartis

112 2976 231 3041 e‘dictanti
252 2984 401 3043 ridiculus·
416 2977 530 3042 Plauto
553 3001 619 3043 non
642 2980 684 3042 sit
707 2979 733 3042 is
757 2982 811 3064 qui
835 2980 933 3043 risum
961 2984 1065 3041 movet
1086 2979 1217 3060 invitus,

110 3075 146 3140 iel
162 3086 205 3168 qui
224 3088 302 3152 iocis
324 3091 357 3152 ct
378 3089 505 3157 facetiis
528 3089 627 3152 risum
657 3090 764 3153 dedito
787 3112 884 3172 opera
908 3092 1034 3171 captat:
1059 3091 1099 3152 cf.
1125 3091 1217 3173 Capi.

108 3183 270 3279 m,1‚10,
302 3200 351 3263 17.
381 3198 468 3263 olen.
493 3198 541 3282 11,
565 3202 601 3281 2,
625 3202 678 3264 aa.
708 3200 811 3264 sor-u
834 3200 859 3281 1,
885 3204 915 3281 3,
944 3201 991 3263 ra
1015 3202 1066 3263 21.
1090 3200 1141 3263 aa.
1166 3201 1217 3262 in.

105 3295 186 3387 ΙΙΙ,
206 3308 255 3372 58.
279 3310 331 3372 (il.
355 3307 419 3390 IV,
450 3312 487 3390 2,
510 3310 561 3374 ol.
609 3313 781 3394 Comparat
808 3309 940 3374 llotlrius
962 3308 1091 3372 salsulae
1115 3308 1162 3389 ll,
1191 3312 1217 3389 l,

11 3432 21 3437 ·
100 3408 142 3475 69:
163 3422 189 3479 ei
210 3439 264 3482 noc
291 3422 438 3496 facetis
466 3421 638 3495 fabricis
671 3435 699 3483 ei
733 3427 829 3484 doctis
856 3427 933 3482 clidis·
959 3422 1151 3498 qloucorumu
1182 3424 1218 3481 ob

94 3533 177 3590 cedor
196 3533 368 3594 obiciemus:
396 3551 461 3593 nou
484 3529 638 3614 cogitavit
662 3530 700 3592 de
724 3529 827 3594 Stichi
851 3529 909 3611 ΙΙΙ,
934 3532 964 3611 2’,
989 3532 1023 3592 ’ἐς

589 3673 651 3729 tam
674 3671 801 3741 conlido,
827 3673 918 3746 (puram
942 3676 1053 3745 potest,

234 3774 280 3814 mc
302 3775 403 3815 meum
425 3756 621 3832 optenturum
643 3760 745 3834 regem
767 3756 902 3814 ridiculis
926 3752 1051 3830 meis:*)

136 3971 162 4039 ⁸)
192 3970 289 4040 [Immo
312 3988 404 4029 meum
427 3989 470 4030 me
488 3974 670 4041 optenturum
688 3971 927 4041 transponendum
952 3989 1022 4031 csse,
1046 3970 1097 4023 uisi
1116 3970 1162 4038 qui
1181 3971 1218 4025 ad

50 4068 220 4120 ¹metrorum
239 4064 409 4135 elegantiam
428 4066 710 4134 consuetudinemque
735 4065 894 4119 Plautinum
917 4083 1031 4133 prorsus
1050 4064 1218 4132 ‹recidua-rit,

64 4156 145 4216 haud
162 4158 324 4211 cunctanter
342 4158 519 4213 concesserit.
540 4190 572 4198 -
592 4158 720 4215 Ceterum
740 4159 768 4211 in
786 4159 847 4228 ipso
868 4159 941 4225 quood
957 4160 1110 4212 tractamus
1123 4155 1219 4211 Militis
