2850 5032
218 263 281 325 100
487 267 577 325 [inan
605 280 666 326 nm
688 279 812 326 uorem
835 278 902 326 nas
928 276 1095 325 rasurus.

216 431 303 495 scine
326 430 583 516 Hulfsmitteffl,
607 455 673 495 was
696 432 763 514 wir,
789 454 824 495 so
846 432 925 512 lang
947 452 980 493 es
1001 430 1061 511 ist,
1085 428 1157 492 hier
1179 427 1275 493 nicht
1298 449 1373 493 vor·

216 541 385 607 euthalten
407 543 534 624 dtirfeu,
558 543 624 605 und
640 541 784 627 sogleich
799 541 833 605 in
850 541 1107 624 Anmerlnmgen
1122 539 1189 603 und
1205 538 1369 603 Zusttaen

215 673 272 714 aus
296 652 550 736 anderweitigen
566 652 765 736 Zeugnissen
789 656 951 736 ergauzeu
973 649 1101 733 wollcn,
1124 672 1157 733 p.
1178 649 1233 714 16:
1257 649 1371 715 ‘Anni
1402 656 1411 677 ⁸

214 761 279 825 iam
308 766 385 826 sunt
407 762 481 826 XX’
512 763 594 846 (also
617 762 679 826 seit
709 763 816 848 1525)'
842 771 935 825 ‘cum
962 764 1078 825 nactus
1107 760 1154 824 fui
1184 759 1369 844 exemplum

214 871 402 936 Plautinum
425 873 589 957 scriptum,
614 894 690 937 sane
706 875 807 953 vetus,
832 872 969 937 sednon
992 874 1159 935 exaratum
1181 874 1294 935 tamen
1318 870 1370 935 vel

215 982 339 1046 erudito
367 983 494 1047 saeculo
523 983 572 1046 vel
601 983 641 1046 ab
669 983 799 1046 homine
828 982 931 1046 docto.
983 981 1021 1045 Id
1049 984 1213 1066 repertum
1240 980 1306 1045 fuit
1333 980 1368 1046 in

215 1092 321 1174 patria
344 1114 415 1156 mea
437 1093 524 1157 inter
539 1093 636 1156 libros
654 1093 823 1157 clarissimi
840 1096 872 1156 et
888 1093 1006 1156 virtute
1029 1115 1067 1156 ac
1089 1091 1253 1176 sapientia
1274 1112 1368 1175 prae·

215 1203 333 1290 stau-tis
360 1203 420 1266 viri
449 1203 518 1267 Viti
547 1202 672 1268 Verleri
701 1203 835 1284 Franci,
864 1201 949 1266 unde
977 1204 1138 1267 exemtum
1166 1202 1368 1285 propinquus

215 1312 325 1396 ipsius,
350 1313 510 1377 amicitiae
539 1313 686 1377 sanctiss.
717 1313 846 1378 vinculo
876 1317 909 1375 et
937 1335 1022 1376 max.
1051 1311 1285 1376 familiaritatis
1308 1333 1385 1382 usu.

214 1422 294 1486 mihi
324 1424 515 1487 coniunctus
546 1423 699 1487 Micaclus
722 1423 902 1508 Rotiugm,
935 1425 983 1486 vir
1005 1425 1071 1506 opt.
1102 1426 1198 1506 atque
1221 1421 1366 1486 doctissi-

215 1554 296 1615 mae,
320 1535 466 1619 quitum
489 1534 573 1597 forte
596 1534 763 1598 nobiscum
786 1538 885 1616 esset,
916 1532 997 1597 mihi
1019 1532 1175 1596 utendum
1197 1531 1288 1596 dedit
1295 1582 1304 1613 ,
1333 1534 1367 1596 et

214 1642 283 1726 ipse
306 1643 453 1708 dominus
475 1645 550 1707 libri
572 1648 683 1728 postea
700 1648 736 1707 ut
758 1648 866 1708 uterer
888 1644 1030 1728 benigne
1052 1642 1211 1726 permisit.
1219 1641 1261 1727 53)
1293 1640 1366 1727 Ego

283 1882 307 1948 *)
328 1882 372 1952 [In
390 1881 499 1937 Betreff
514 1882 605 1937 dieser
616 1881 792 1935 Htiltsmittcl
804 1881 830 1935 d.
844 1881 871 1934 h.
886 1881 936 1934 der
954 1879 1081 1934 beiden
1099 1879 1240 1932 Pfalzcr
1256 1878 1365 1932 Hand-

215 1973 383 2029 schriften
403 1976 519 2039 (codex
538 1978 669 2029 ‘vetus’
688 1975 744 2028 und
764 1975 871 2027 codex
890 1974 1131 2034 ‘decurtatus',
1157 1989 1210 2026 von
1230 1971 1364 2027 welchem

215 2066 331 2120 letztern
341 2068 425 2121 sehon
440 2068 478 2120 im
490 2069 581 2121 ersten
591 2067 740 2121 Abschuitt
753 2066 917 2121 wiederbolt
927 2065 1101 2136 gesprochen
1115 2065 1241 2132 worden)
1256 2066 1365 2135 geudgt

215 2176 244 2212 es
258 2158 330 2226 jetzt
349 2160 393 2212 cin
410 2162 455 2213 fdr
473 2161 585 2214 allemal
603 2162 654 2214 auf
669 2161 713 2214 die
734 2160 1042 2229 zusammonh'angeudc
1064 2159 1246 2227 Darstelluug
1262 2158 1292 2212 iu
1310 2158 1364 2212 den

215 2251 418 2318 Prolegomena
434 2271 461 2321 p.
475 2252 577 2305 XXVII
590 2255 618 2307 ff.
637 2272 669 2306 zu
688 2254 846 2319 verweiscm
865 2253 997 2308 wodurch
1014 2253 1065 2306 wir
1077 2253 1127 2307 der
1144 2250 1364 2320 lasugenMuhe

215 2343 378 2397 iiberhoben
396 2343 465 2409 sind,
484 2344 528 2398 die
542 2345 580 2398 im
593 2346 741 2414 folgenden
754 2364 803 2399 uus
817 2346 881 2400 sehr
893 2348 1064 2400 zerstreuteu
1076 2343 1194 2400 Noticen
1213 2344 1363 2413 gemachte

215 2436 502 2506 Zusammenstellung
528 2438 567 2491 im
592 2438 733 2492 einzelnen
758 2458 791 2492 nu
817 2438 992 2508 berichtigen
1021 2438 1089 2492 oder
1118 2455 1150 2490 zu
1177 2439 1361 2492 vervollstdn-

215 2528 321 2599 digen]

282 2627 324 2690 53)
342 2623 421 2678 Noch
440 2642 580 2693 genauere
598 2625 736 2679 Auskunft
761 2626 823 2694 gibt
840 2626 944 2678 Parcus
960 2624 990 2677 in
1009 2625 1059 2677 der
1076 2623 1201 2678 Vorredc
1219 2642 1253 2678 au
1270 2623 1362 2679 seiner

214 2716 340 2782 susciten,
372 2717 427 2771 und
449 2717 501 2770 mit
523 2718 634 2786 einigen
657 2717 897 2786 Vertndcrnngen
920 2718 979 2772 also
1008 2736 1058 2771 zur
1086 2717 1191 2770 dritten
1213 2717 1360 2787 Arragabc:

215 2810 306 2863 ‘luter
322 2841 355 2848 —
374 2811 483 2865 codices
501 2811 624 2880 palmam
637 2811 788 2875 obtinetis,
808 2829 862 2878 quo
880 2812 907 2863 in
922 2811 1035 2881 Europa
1047 2810 1235 2880 antiquiorem
1253 2802 1361 2866 nulluni

215 2904 323 2956 exstare
342 2905 517 2958 consenticus
541 2921 649 2974 semper
672 2905 817 2958 doctorum
841 2905 895 2958 fuit
917 2903 1023 2974 opinio,
1050 2921 1188 2972 quemque
1211 2905 1288 2958 omni
1310 2923 1361 2959 suo

214 2994 314 3048 merito
336 2995 402 3065 ipsis
426 2997 574 3051 Pandectis
597 2997 762 3053 Florentinis
785 2998 1004 3067 aequipararunt
1031 2998 1084 3052 viri
1110 2997 1270 3052 doctissimi.
1308 2998 1360 3053 De·

214 3087 334 3157 scriptus
351 3088 397 3142 ille
411 3089 462 3142 fuit
474 3090 503 3142 in
521 3091 608 3144 veteri
626 3092 798 3156 membrana,
816 3091 926 3159 integer
938 3090 1058 3158 quidem,
1077 3090 1139 3156 sed,
1159 3092 1189 3144 ut
1201 3092 1362 3161 apparebat

215 3197 230 3232 e
244 3180 387 3245 vestibulo,
406 3184 469 3235 octo
488 3183 625 3237 duntaxat
642 3185 777 3254 primores
790 3185 899 3237 fabulas
911 3184 991 3239 initio
1003 3183 1109 3250 habuit,
1129 3184 1218 3239 donec
1230 3201 1248 3239 a
1259 3183 1360 3251 scriba,

213 3273 344 3342 imperito
366 3273 414 3327 illo
437 3274 502 3328 licet
524 3278 608 3344 atquc
630 3277 743 3331 indocto
771 3276 903 3346 rupicone
926 3276 1084 3342 clostrario,
1111 3278 1183 3331 aliae
1210 3277 1360 3333 duodecim

213 3366 313 3432 Plauti,
332 3384 387 3421 una
405 3384 467 3421 cum
485 3369 701 3439 hypobolimaeo
720 3369 871 3436 Aidularia,
890 3371 947 3424 sive
966 3369 1086 3435 Querolo
1100 3370 1199 3425 Gildae
1217 3369 1359 3441 Sapientis

213 3456 352 3526 Britanni,
381 3476 478 3529 prorso
502 3465 530 3515 et
552 3463 632 3516 clodo
655 3464 728 3532 pede
751 3462 866 3533 scripta,
897 3481 930 3517 ac
951 3463 1087 3518 Plautinis
1111 3463 1268 3518 Comoediis
1289 3464 1360 3519 inibi

212 3555 380 3624 praemissa,
410 3554 540 3625 deinceps
564 3556 690 3610 mliectae
713 3558 832 3610 fuerunt.
869 3557 1006 3626 Expertus
1028 3573 1138 3624 quoque
1162 3557 1224 3610 erat
1245 3556 1320 3612 liber
1335 3558 1361 3612 is

213 3665 326 3703 manum
344 3649 497 3702 recensoris
514 3665 570 3701 non
589 3649 700 3702 omniuo
718 3649 862 3703 ineruditi:
886 3649 961 3703 cuius
979 3649 1096 3720 proinde
1114 3649 1359 3705 emendationibus

213 3758 413 3811 saepenmnero
432 3742 582 3796 admodum
601 3741 689 3795 adiuti
707 3741 808 3795 fiamus
825 3743 853 3796 in
872 3743 1068 3812 investiganda
1089 3758 1157 3797 vera
1178 3760 1211 3797 ac
1234 3743 1359 3812 genuina

213 3833 339 3889 lectione.
376 3836 420 3889 Ad
439 3836 542 3890 calcem
566 3834 631 3889 libri
649 3837 799 3890 observare
818 3838 891 3903 erat,
915 3835 1033 3891 eundem
1055 3853 1128 3890 anno
1147 3843 1212 3891 1512
1230 3837 1267 3891 ab
1286 3836 1358 3893 Doc-

212 3927 274 3982 tore
304 3929 424 3983 Martino
455 3928 578 3984 Polichio
608 3929 796 3984 Mellerstadio
828 3928 1056 4000 [llellerstatensi
1084 3929 1192 3984 Franco
1218 3933 1264 3987 cd.
1293 3930 1357 4002 11],

212 4020 303 4089 primo
326 4023 493 4077 Academiae
515 4023 769 4092 Wittenbergeusis
792 4024 924 4089 Rectore,
956 4027 985 4077 ct
1006 4023 1085 4077 Pauli
1106 4022 1211 4077 Melissi
1234 4021 1356 4086 Schedii

214 4112 378 4169 Germaniae
396 4119 507 4170 nostrae
525 4117 644 4183 Phoebi,
663 4118 802 4186 quondam
821 4118 963 4186 populari,
982 4117 1054 4171 dono
1073 4117 1169 4171 datum
1187 4117 1270 4173 fuisse
1287 4116 1357 4173 vito

212 4204 336 4273 Verlero,
353 4209 489 4264 bonarum
506 4210 663 4266 litterarum
682 4212 710 4264 in
729 4211 880 4265 Academia
897 4210 1033 4280 Lipsieusi
1051 4210 1209 4280 professori.
1234 4211 1258 4265 E
1276 4212 1356 4266 cuius

213 4297 404 4355 loculameutis
427 4302 548 4357 librariis
574 4306 771 4375 depromptum
794 4305 867 4359 hunc
896 4303 1020 4358 codicem
1049 4304 1181 4359 Micaelua
1203 4304 1356 4375 maugina
