2850 5032
396 331 401 341 ·
428 318 650 369 otossamvn
674 320 887 367 etavnsva.
1166 302 1229 366 263

112 476 131 553 ξ
152 472 190 536 89
208 472 375 557 eompemui3
410 473 489 537 item
510 494 629 537 rarswa
652 496 770 538 eorsum
794 473 912 557 Amph.
939 472 977 555 l’,
1005 476 1031 553 1,
1055 472 1098 535 u)
1119 474 1229 553 (1112)

106 588 138 647 et
154 580 294 666 Epidll,
309 582 342 664 2,
363 582 416 663 fib,
439 604 554 647 sursum
577 606 694 649 eorsum
715 586 806 667 Capi.
826 584 883 666 lll,
907 584 939 659 4,
967 584 1025 647 lz’l
1049 584 1145 665 qtie'rtil,
1162 606 1229 646 sur·

99 713 164 757 surr
183 698 311 757 deorsum
331 690 416 757 Euri.
441 692 483 775 ll,
504 694 537 775 2,
559 696 600 759 ll
616 696 720 763 ffllth:
743 695 857 779 quilms
879 694 960 757 adde
981 692 1229 775 Quadrigarium

96 801 316 886 (tehiilx,1,
342 806 422 885 l.*)
451 802 554 869 Valde
575 804 739 889 singulare
761 810 809 869 est
833 828 891 869 nee
915 804 995 868 nihil
1019 802 1228 867 dubitationis
1321 878 1331 887 .

90 934 236 995 morene,
271 914 353 999 quod
375 912 534 979 Rudeutis
560 914 598 997 V,
621 916 657 999 2,
695 917 736 979 27
760 918 870 995 (1314)
893 914 1053 979 eommuni
1076 914 1227 977 librorum

89 1046 248 1089 consensu
270 1024 426 1110 seriptum
449 1028 499 1089 est
519 1048 631 1107 soreres,
655 1027 750 1111 idque
774 1027 807 1091 in
830 1028 894 1091 tine
917 1031 947 1090 et
972 1047 1080 1089 versus
1102 1028 1136 1089 et
1157 1046 1227 1087 sen·

84 1135 227 1218 tentiae,
263 1135 318 1199 ubi
345 1158 405 1201 neo
434 1134 635 1201 necessitatis
670 1160 731 1201 nee
759 1162 778 1201 a
807 1136 958 1201 similimn
988 1134 1228 1219 comparatione

83 1245 372 1312 commendationis
404 1246 572 1331 quiequam
596 1271 633 1311 ea
655 1250 758 1311 lhrma
781 1247 887 1311 habet.
933 1250 1053 1311 (hadra
1075 1246 1115 1309 ad
1134 1268 1226 1327 prer-

79 1378 152 1423 swr
182 1380 310 1437 prorsus
330 1356 506 1421 sennarum
528 1356 749 1422 condicionem
772 1358 914 1443 proxime
937 1358 1095 1423 aceedunt
1117 1362 1227 1421 adurer-

78 1488 152 1533 sum
174 1473 322 1533 advorsus
343 1466 516 1552 eademque
552 1468 637 1551 lere,
676 1492 739 1552 qua
762 1467 846 1548 illae,
880 1468 1080 1553 frequentiae
1102 1466 1227 1531 ratione

80 1579 259 1663 reguntur:
280 1581 317 1643 ut
338 1600 405 1642 non
426 1577 519 1642 modo
541 1584 691 1643 aduersus
713 1592 792 1662 octo,
816 1584 965 1643 adversas
986 1585 1148 1653 exordire,
1172 1576 1226 1640 sed

78 1689 185 1753 etiam
206 1695 351 1755 advorsus
372 1695 467 1770 dicat,
490 1711 519 1755 α.
541 1692 672 1771 saetam,
695 1711 726 1754 a.
751 1702 845 1767 laura,
870 1712 900 1754 a.
922 1697 1040 1770 paprde',
1065 1711 1095 1753 a.
1111 1693 1227 1753 seueri!

77 1798 256 1863 sociaverit
276 1798 419 1882 Plautus,
442 1822 634 1885 quamquam
656 1799 826 1865 'l'erentias
847 1801 974 1884 <pridem
999 1823 1057 1865 nee
1080 1805 1228 1863 alterorsus

78 1932 122 1975 ao
143 1932 188 1973 ne
208 1932 313 1975 rursus
333 1910 462 1995 quidem
482 1911 583 1976 novit.
628 1910 741 1996 ltaque
764 1934 830 1975 non
845 1916 894 1975 est
908 1912 1025 1975 mirum
1041 1926 1225 1973 suvansvs

77 2020 266 2105 (ipsumque
298 2021 378 2085 adeo
400 2032 547 2107 vousvs)
581 2021 645 2085 iam
679 2022 712 2085 in
735 2021 847 2085 tabula
872 2021 1013 2085 lhmtina
1035 2020 1132 2105 inque
1154 2019 1226 2101 lege

77 2130 333 2214 repetundarum
347 2130 424 2216 legi,
446 2131 576 2196 tametsi
599 2131 721 2216 aliquot
743 2136 815 2215 post
837 2133 931 2196 erraris
955 2149 1131 2212 ramesen,
1149 2146 1226 2193 svu-

78 2258 165 2321 svn,
189 2258 308 2323 svsvu,
331 2258 619 2322 eudaemonem,
641 2260 727 2307 seso
749 2260 889 2307 vonsvn
912 2243 1031 2306 femmas
1053 2241 1136 2305 salas
1153 2262 1225 2303 ean-

78 2354 211 2415 stonter
245 2353 408 2417 sententia
434 2352 649 2417 hliuueiorum
681 2353 796 2417 tenuit.
853 2354 914 2418 Sed
946 2358 1135 2417 eaadearsas
1167 2374 1225 2435 pro

77 2466 285 2527 exadvorsum
315 2486 376 2527 nee
398 2462 531 2527 Plautus
563 2486 623 2528 nee
646 2462 815 2529 Terentius
848 2463 1013 2527 mhuisere.
1051 2502 1093 2511 —
1131 2460 1224 2527 Nune

78 2576 248 2636 autemut
269 2574 307 2636 ad
331 2573 598 2659 glossographum
621 2578 764 2637 nostrum
788 2575 964 2656 redeamus,
989 2573 1095 2657 aliqua
1110 2573 1222 2635 saltem

78 2704 121 2747 ex
144 2686 237 2766 purte
258 2684 322 2747 iam
345 2683 489 2769 intellegi
512 2690 671 2769 putamus,
695 2706 757 2767 <lua
780 2684 832 2747 ille
855 2690 1018 2769 tamqmam
1033 2706 1128 2746 sensu
1145 2683 1223 2745 seri-

78 2794 163 2856 tatis
194 2794 328 2876 quodam
362 2794 401 2857 ad
435 2795 668 2879 excernendum
696 2818 804 2859 earnes
826 2795 1010 2858 eulverbimn
1033 2794 1147 2857 ‹lm-tus
1169 2794 1222 2858 sit.

77 2902 142 2977 Qui
168 2903 196 2965 ei
220 2926 330 2967 sensus
353 2928 425 2967 eum
447 2906 525 2989 ipsis
548 2906 706 2969 veteribus
722 2906 942 2985 gnnmnatieis
958 2904 1135 2968 emrmmnis
1151 2906 1223 2975 fail,

77 3036 97 3077 o
121 3034 257 3096 quorum
280 3014 478 3078 uberioribus
501 3016 771 3099 disputationilms
788 3016 899 3078 relieta
916 3017 1052 3078 frustula
1067 3015 1223 3099 quaedmn

77 3123 321 3207 phiniminum,
345 3146 407 3208 quo
423 3129 570 3209 spectent
585 3132 617 3189 et
639 3126 713 3209 quid
737 3126 867 3189 tarrdem
891 3126 950 3188 sibi
975 3126 1085 3205 velint,
1103 3127 1222 3209 perspi-

77 3234 158 3298 eieS.
204 3232 343 3297 Nimium
366 3238 415 3297 est
437 3258 514 3299 seme
536 3237 618 3319 ‹pmd
642 3236 805 3301 Charisius
828 3235 857 3299 ll
883 3259 914 3318 p.
943 3238 1000 3299 193
1018 3234 1051 3298 l‘.
1077 3236 1153 3315 qula
1171 3240 1222 3317 Κ.)

76 3342 239 3428 prodidit:
262 3352 387 3409 ‘rursus
408 3351 532 3428 negant
554 3346 616 3409 diei
640 3346 764 3427 dehere,
789 3346 843 3409 sul
866 3368 996 3415 rumam.
1022 3349 1057 3408 ut
1079 3354 1220 3409 imrrna':

76 3453 133 3518 sed
160 3456 194 3517 ut
217 3460 325 3519 tamen
348 3459 472 3539 partem
496 3455 544 3519 vel
567 3456 681 3519 saltem
704 3456 895 3540 partie-ulam
919 3456 983 3519 veri
1007 3456 1135 3518 sulwsse
1151 3479 1220 3519 sen-

75 3565 155 3645 tias,
178 3586 260 3648 (quae
282 3588 320 3628 er
343 3565 564 3629 observatione
587 3567 711 3650 antiqui
727 3566 883 3630 sermonis
899 3566 1087 3629 rnamu'erit.
1135 3565 1221 3628 ldem

74 3673 164 3763 quod
199 3698 229 3759 p.
257 3678 316 3739 mu
349 3676 422 3759 (211
449 3678 512 3759 sq.)
543 3697 671 3755 prorsus
692 3678 813 3741 foruna·
837 3676 979 3739 Sallustii
1003 3680 1035 3738 et
1058 3675 1221 3739 l'ieeronis

73 3786 266 3854 testimonia
295 3785 442 3867 adhibet,
475 3809 618 3866 prorsum
641 3792 747 3851 antem
770 3812 787 3847 e
810 3786 925 3849 l'laulu
948 3794 978 3848 el
1003 3788 1125 3849 thlone
1150 3806 1220 3866 pro-

73 3902 160 3978 l'ert,
200 3918 265 3959 non
300 3900 407 3979 potest
439 3897 535 3961 alienu
564 3898 627 3960 vim
649 3896 777 3979 halare,
803 3896 862 3960 nisi
887 3904 918 3959 at
946 3895 1127 3978 posterioris
1151 3896 1218 3958 eresi

73 4006 229 4072 licentiae
252 4007 367 4090 prioris
390 4030 480 4072 usum
503 4008 708 4091 praeeipmnn
731 4012 882 4091 opponat.

76 4125 125 4133 ..—

148 4162 172 4209 3.
204 4162 377 4227 Qeramquam
403 4162 516 4227 praeter
538 4162 650 4229 poetas,
673 4159 840 4226 syllabarum
866 4157 1076 4223 congruentiam
1100 4160 1126 4209 et
1151 4160 1219 4211 lam·

72 4272 164 4324 quam
195 4256 357 4307 eoneentum
376 4252 472 4305 dedita
499 4270 585 4322 opera
607 4256 753 4309 see-tardes.
777 4271 830 4305 mm
855 4250 945 4304 rasa-ia
964 4253 1097 4307 (horsum
1118 4268 1219 4309 rursus·

73 4346 156 4418 apud
176 4346 309 4399 t'etouem
328 4345 363 4399 de
383 4364 412 4401 re
431 4345 542 4411 rustica,
560 4346 750 4409 Columellam,
768 4345 886 4399 (iellimn
906 4342 968 4411 leui.
