2894 5040
542 123 759 184 vuaraoqvm
782 123 970 171 snnvrrnn.
1263 108 1324 171 431

139 265 235 333 Vix
263 296 364 341 uuum
385 278 481 360 atque
502 275 640 340 alterum
667 277 872 340 ratiocinatio
899 279 1011 341 nostra
1037 275 1194 359 reliquum
1216 275 1324 340 faciet.

146 376 290 451 Quum
312 385 448 451 exordiri
470 386 511 450 ab
532 394 729 466 expuripatio
751 387 952 451 substantivo
967 385 1122 469 volumus,
1146 407 1209 470 qua
1223 384 1327 450 forma

155 489 309 561 adscita
344 495 467 561 duobus
495 495 616 580 Amph.
646 496 711 579 ΙΙΙ,
735 498 773 579 3,
800 498 839 560 10
869 493 954 584 [965]
988 498 1021 560 et
1048 496 1146 560 Merc.
1176 495 1217 578 V,
1240 497 1276 579 3,
1305 499 1326 559 4

162 594 273 691 [9601
295 606 440 671 versibus
469 607 671 671 concinnitas
699 627 903 670 numerorum
929 605 1018 669 nullo
1045 605 1095 669 vel
1122 607 1253 690 negotio
1275 606 1326 670 vel

169 714 320 781 adfluo
334 716 488 798 redditur,
511 738 608 801 quarn
629 722 666 782 ut
686 716 965 800 redipiscerentur,
988 716 1055 780 illic
1078 729 1111 781 at
1131 715 1323 801 particulam
1340 731 1371 779 lx

173 826 429 909 praemiserunt,
444 826 499 891 hie
514 839 547 891 ot
561 828 595 891 in
612 840 659 894 ast
673 827 809 891 formam
824 830 992 891 mutarunt
1007 826 1145 890 alienam
1160 851 1179 890 a
1194 826 1324 891 Plauto:

310 966 413 1027 Habui
436 969 710 1045 expurigationem:
734 970 814 1027 lucta
838 989 895 1043 pax
916 972 971 1027 est.
1014 964 1197 1044 'Optumeat

308 1048 362 1112 'At
385 1072 441 1131 ego
463 1054 724 1130 expurigationem
745 1054 879 1127 lrabubo‚
902 1056 937 1111 ut
958 1074 995 1111 ne
1017 1058 1197 1114 suscenseat.

177 1172 257 1247 Non
278 1182 387 1248 minus
409 1184 588 1249 evidentiae
610 1190 798 1264 expuripare
825 1184 913 1248 verbi
941 1184 1087 1269 exempla
1114 1185 1175 1248 duo
1203 1185 1325 1249 habent

178 1305 265 1368 quae
291 1294 431 1359 suntin
457 1293 563 1359 Milite
592 1294 731 1379 glorioso
759 1317 788 1359 v.
810 1294 872 1358 497
896 1298 930 1358 et
950 1294 1023 1358 517.
1068 1293 1112 1356 Et
1139 1296 1324 1377 posterioris

177 1398 312 1477 queem
333 1404 470 1489 simplex
492 1404 654 1469 restitutio
676 1409 739 1469 est:

310 1546 360 1605 Me
382 1546 560 1624 expurigare
580 1546 654 1605 haec
674 1546 732 1604 tibi
754 1546 875 1604 videtur
897 1546 1036 1622 aequius:

179 1666 238 1737 ubi
263 1682 336 1741 Med
354 1698 533 1757 expurpore
554 1675 700 1741 Bothius.
737 1676 775 1741 In
797 1677 903 1760 priore
926 1680 1043 1760 autem,
1068 1677 1121 1760 qui
1144 1676 1196 1741 hic
1219 1680 1269 1740 est
1289 1678 1323 1741 in

179 1772 289 1853 libris:
313 1791 392 1852 Sos.
417 1792 607 1868 Expurpore
633 1795 700 1853 volo
721 1809 775 1851 me.
803 1793 884 1851 PER.
911 1800 983 1851 tune
1004 1798 1033 1852 tc
1059 1809 1213 1867 enpurpes
1240 1794 1321 1865 milei,

182 1904 258 1961 mm
279 1898 393 1963 vitiosa
415 1899 597 1983 orytonesis
619 1897 716 1981 primi
738 1897 884 1961 vocabuli
907 1897 1127 1961 violentiorem
1149 1899 1323 1981 transposi-

184 1995 305 2073 tionem
343 2015 419 2074 Volo
446 2030 493 2073 me
522 2030 701 2090 expurpore
731 2009 891 2092 requirere
923 1998 993 2071 visa
1019 2012 1117 2090 esset,
1151 2030 1239 2073 nunc
1266 2031 1323 2072 suo

186 2122 298 2191 saona
319 2125 456 2204 apparet
476 2141 542 2184 non
563 2122 688 2184 mutato
710 2119 821 2183 ordine
843 2119 1011 2182 vorborum
1024 2141 1139 2183 sanum
1154 2121 1187 2183 et
1201 2119 1323 2183 salvum

189 2229 303 2293 senarii
329 2230 525 2314 principium
550 2229 679 2314 prodire
706 2231 906 2308 Expuripore
934 2232 999 2293 vulo
1026 2251 1081 2293 tue.
1127 2227 1221 2292 Vnde
1250 2251 1322 2293 con-

192 2342 318 2417 ⁸‘alueus
339 2343 389 2404 est
410 2340 554 2423 prolecto
575 2344 613 2402 ut
627 2339 767 2403 eiusdem
781 2338 922 2402 notionis
938 2339 1049 2402 eadem
1062 2338 1167 2402 forma
1183 2339 1322 2403 Sceledri

196 2444 290 2512 Verbis
308 2449 505 2534 respondens
520 2447 797 2533 Periplecomenus
813 2452 923 2512 utatur
938 2461 988 2512 tue
1005 2461 1033 2513 te
1047 2455 1238 2528 expurlpes?
1260 2471 1322 2532 quo

199 2544 286 2623 nur
309 2559 465 2624 redundet
490 2565 565 2624 miei
595 2581 781 2643 pronomen.
843 2560 949 2643 Atque
979 2559 1012 2622 id
1039 2559 1143 2643 ipsum
1170 2559 1322 2624 Plautina

201 2670 458 2753 sequanmmm
480 2691 704 2754 responsorum
727 2669 929 2733 concinnitas
953 2669 1089 2753 (quando
1111 2691 1177 2733 nou
1198 2669 1323 2734 dixerat

204 2764 348 2845 Sceledrus
371 2787 560 2861 capuripare
580 2801 627 2844 me
647 2785 704 2844 tibi
724 2781 804 2864 oole)
832 2780 879 2843 ita
902 2781 1033 2863 respuit,
1062 2782 1099 2843 ut
1127 2803 1192 2845 non
1220 2783 1322 2863 possit

205 2893 255 2948 loa
266 2888 438 2955 insiticium
452 2890 562 2973 videri,
587 2891 704 2975 quippe
726 2894 796 2954 tum
818 2890 944 2953 demum
966 2889 1125 2955 adiectum
1148 2892 1320 2955 resarcien-

207 2982 457 3066 lormvidelioet
477 3022 683 3065 numerorum
707 3024 828 3082 caussa,
854 3023 924 3064 curn
947 3001 1010 3064 iam
1033 3002 1245 3084 inrepsissent
1267 3026 1318 3066 ec-

204 3113 317 3183 errare
337 3114 369 3175 et
389 3132 544 3191 expurpes
564 3111 696 3175 formae.
743 3111 872 3176 Certum
895 3133 962 3174 esse
984 3116 1133 3194 putamus
1155 3114 1320 3197 scripsisse

207 3199 331 3285 Plicitum

309 3336 378 3399 Sos.
407 3338 598 3416 Expurigare
619 3338 688 3397 vulo
711 3358 766 3396 mc.
810 3338 887 3396 Pan.
917 3342 971 3396 tun
994 3342 1024 3396 te
1046 3339 1225 3415 expuriges‘?

208 3420 334 3506 lunam
355 3442 407 3507 his
430 3442 610 3528 exemplum
621 3443 757 3531 accedit
779 3465 795 3505 e
819 3442 1023 3526 Captivorum
1046 3466 1138 3507 versu
1153 3443 1212 3525 Ill,
1229 3445 1260 3526 4,
1278 3446 1318 3507 88

209 3524 291 3635 ludu,
315 3553 360 3618 sic
381 3553 504 3638 scripto
527 3553 560 3617 in
583 3553 700 3618 Vetere
724 3557 757 3617 et
780 3553 893 3617 ceteris
914 3552 1073 3637 plerisque
1095 3560 1158 3617 Sed
1177 3560 1234 3618 hoc
1250 3563 1317 3635 pri-

209 3660 272 3716 ¹¹⁰²¹
291 3682 331 3727 me
350 3685 530 3745 expurporc
557 3670 613 3728 tior·
638 3670 722 3746 volo,
752 3686 798 3728 mc
826 3672 1025 3729 insaniente.
1050 3687 1080 3748 q.
1104 3686 1148 3747 a,
1176 3664 1222 3728 sie
1245 3688 1317 3728 eon-

209 3748 318 3835 fluenta
337 3773 507 3839 scribendo
529 3774 648 3839 reiecta
670 3775 796 3839 novicia
816 3782 886 3839 med
906 3776 1023 3839 tonna:

241 3888 290 3956 Sl‘l
308 3907 435 3980 primum
457 3907 513 3966 hoc
535 3928 582 3985 ipe
605 3909 782 3985 expurigare
804 3909 861 3966 tibi
885 3910 968 3981 volo,
992 3930 1039 3967 me
1062 3908 1207 3965 insuniam
1224 3942 1274 3966 —.

205 3994 277 4080 {Hae
292 4045 372 4093 uunc
394 4028 575 4094 addendum
590 4038 799 4111 perpuripure
814 4031 942 4094 verbum
956 4031 1155 4095 l'lcekciseni
1171 4031 1317 4094 acumine

199 4122 401 4205 vanarum
420 4138 538 4223 (nasei
554 4139 660 4205 avan.
689 4145 713 4204 a.
727 4140 805 4204 xlv
821 4164 852 4224 p.
866 4142 943 4226 aaa)
965 4140 1080 4204 alivae
1100 4141 1179 4223 gar.
1195 4164 1223 4205 v.
1239 4143 1315 4206 774:
