2850 5032
751 1149 847 1259 IV.

467 1348 770 1442 Glossarium
803 1347 1135 1462 Plaustrum)

180 1745 211 1794 ¹¹¹
316 1738 396 1803 Cum
411 1738 518 1802 Plauti
543 1759 655 1802 caussa
677 1737 862 1802 Italicarum
886 1738 995 1822 copias
1015 1737 1284 1803 bibliothecarum
1306 1760 1377 1823 per-

230 1850 476 1934 resignemus,
506 1848 585 1912 illud
613 1848 709 1912 facile
737 1849 971 1930 intelleximus,
1007 1849 1073 1912 eius
1101 1849 1199 1914 studii
1229 1849 1316 1933 qued
1342 1849 1375 1912 in

229 1959 482 2043 interpretandis
511 1958 629 2022 fabulis
657 1958 817 2022 Plautinis
851 1959 921 2042 ipsa
949 1959 1127 2042 antiquitas
1159 1959 1378 2044 posuissem)

229 2069 311 2133 nihil
334 2072 473 2133 aetatem
495 2070 621 2133 tulisse:
644 2069 677 2148 id
699 2068 783 2152 quod
805 2091 846 2132 ne
868 2089 1109 2152 speraveramus
1131 2071 1273 2153 quidem.
1314 2068 1377 2134 Sed

229 2180 263 2242 in
291 2201 406 2242 manus
434 2183 543 2242 tamen
575 2200 633 2263 per
660 2201 729 2242 eam
761 2179 1035 2262 opportunitatem
1064 2183 1224 2243 venerunt
1250 2179 1378 2243 codices

229 2288 358 2371 quidam
385 2311 461 2352 mss.
485 2291 536 2352 sat
564 2286 614 2351 uel
643 2288 766 2371 amplos
797 2288 846 2352 vel
876 2288 1099 2352 memorabiles
1127 2290 1377 2354 commentarios

231 2398 402 2482 complexi,
433 2421 511 2482 ques
540 2398 667 2461 ‹loetarn
696 2398 923 2481 antiquitatem
951 2398 1077 2463 imitata
1102 2398 1264 2465 recentior
1287 2403 1377 2463 aetas

230 2509 364 2591 peperit.
410 2508 458 2571 De
481 2530 542 2592 quo
564 2528 683 2591 genere
705 2507 853 2571 universe
881 2508 993 2591 paucis
1020 2509 1224 2592 exposuimus
1246 2508 1283 2572 in
1304 2530 1377 2594 pro·

230 2619 332 2681 oemio
355 2618 421 2681 cius
445 2618 534 2700 libri,
566 2640 628 2701 quo
657 2618 695 2680 ad
724 2617 897 2681 Homerica
919 2619 1026 2683 studia
1048 2618 1210 2683 Pisistrati
1234 2618 1376 2682 Alexan-

230 2729 400 2812 drinasque
429 2727 639 2791 bibliothecas
667 2730 818 2810 spectans
844 2734 990 2793 scholium
1013 2735 1188 2793 Plautinum
1213 2729 1376 2793 enarrari·

229 2859 299 2901 mus
324 2835 453 2924 [Opusc.
471 2836 564 2901 vell
582 2860 612 2920 p.
630 2839 650 2900 6
665 2837 759 2925 sqql.
791 2837 837 2900 no
850 2836 911 2902 boe
926 2838 1053 2922 quidem
1076 2839 1181 2923 ipsum
1197 2838 1252 2922 qui
1277 2839 1376 2903 codex

229 2951 320 3011 tenet
342 2946 476 3032 (pulegii
499 2947 637 3011 Romani
653 2949 684 3010 4.
702 2948 736 3012 o.
754 2947 806 3030 39,
830 2948 911 3031 satis
931 2952 1039 3033 potest
1052 2948 1118 3013 illie
1141 2971 1211 3013 esse
1232 2948 1377 3035 descrip-

229 3060 282 3121 tus
310 3058 419 3121 videri.
465 3058 517 3121 Ab
545 3080 582 3121 ee
609 3061 715 3121 autem
737 3079 855 3142 genere
879 3058 1078 3142 aliquantum
1106 3059 1294 3143 discrepant
1321 3061 1375 3145 qui

191 3198 197 3215 =
230 3190 296 3230 non
318 3172 354 3231 ut
375 3167 569 3251 legerentur,
594 3169 648 3232 sed
671 3171 707 3230 ut
729 3168 915 3231 erudirentur
932 3169 1100 3252 compositi
1115 3173 1192 3232 sunt
1214 3191 1376 3234 cemmen-

229 3277 304 3341 tarii
328 3277 490 3341 doc-torum
520 3282 591 3361 (pro
613 3277 669 3341 illa
692 3279 811 3362 aetate)
839 3279 1067 3361 magistrorum
1090 3278 1261 3343 Plautinas
1283 3279 1376 3343 fabu-

229 3386 278 3451 las
310 3386 401 3452 Italis
435 3388 692 3452 adulescentibus
726 3389 1020 3472 interpretantium.
1076 3388 1127 3452 Ex
1160 3387 1257 3452 huius
1289 3389 1375 3453 modi

231 3564 432 3572 ———-—

298 3643 324 3711 *)
354 3642 539 3712 [Prooemium
572 3641 672 3695 lmlicis
701 3642 857 3696 scholarum
892 3642 1061 3697 aestivarum
1091 3642 1280 3698 Bonnensium
1310 3644 1376 3698 muni

230 3730 496 3805 (rubloccoxuvra

297 3830 339 3895 **)
370 3827 525 3897 [Veterum.
554 3846 671 3897 quorum
695 3828 806 3895 quidem
836 3830 914 3882 certa
936 3830 1083 3891 memoria,
1105 3829 1294 3900 interpretum
1312 3831 1330 3885 i.
1350 3848 1374 3885 e.

231 3921 351 3975 Cornelii
369 3920 502 3976 Sisennae
520 3926 549 3975 et
567 3922 690 3976 Terentii
704 3921 799 3975 Scauri
817 3921 974 3976 nourrinibus
992 3926 1036 3975 sat
1053 3922 1195 3991 probabili
1213 3924 1377 3979 coniectura

230 4016 261 4067 Α.
280 4014 591 4069 Selrottmuellcrus
610 4014 760 4083 Symbolae
779 4014 874 4083 plrilol.
890 4015 977 4068 Benn.
993 4033 1021 4084 p.
1045 4022 1095 4068 8⁶23
1113 4031 1174 4084 sqq.
1195 4022 1243 4071 831
1266 4016 1377 4071 addidit

230 4125 319 4176 nuper
343 4108 460 4161 (luorum
487 4107 748 4161 commentariorum
766 4107 956 4161 l'lautinorum
985 4107 1104 4176 vestigia
1126 4108 1155 4161 in
1174 4107 1259 4161 Nonii
1285 4112 1376 4165 surra·

231 4200 294 4268 gine
313 4217 330 4253 a
346 4218 376 4253 se
395 4201 516 4255 detecta:
540 4217 656 4267 querum
676 4201 747 4254 alter
765 4201 801 4255 aul
818 4200 952 4253 tredecim
972 4199 1079 4254 fabulas
1096 4201 1279 4269 pertinuisse,
1303 4204 1377 4260 alter

231 4292 258 4344 in
277 4292 477 4360 Anaphitruone
495 4293 650 4346 substitisse
669 4293 798 4362 violetur]
