2894 5040
331 331 378 379 aa
401 332 520 381 eoam
545 318 690 377 ‘risam'
712 332 815 379 vnms
838 331 970 379 narina.
1159 315 1221 379 383

54 488 175 551 restat
196 486 280 570 quod
303 507 361 571 per
381 508 415 549 se
436 488 507 549 erat
529 485 812 568 suspectissimum.
858 485 946 569 Ergo
968 488 1136 569 postquam
1159 485 1221 549 ista

55 595 304 683 suppliciorum
336 600 428 679 porta
461 595 651 679 supplicium
674 597 745 679 ipsa
768 596 881 678 subiit,
915 596 1069 679 numquid
1098 596 1220 659 dubita-

58 708 178 771 bimus
212 708 363 771 funerare
385 707 480 771 etiam
513 706 705 769 furiebrem‘?
749 706 793 769 Et
820 728 892 770 eeee
915 729 1040 770 rursum
1063 707 1123 790 ipsi
1146 707 1219 769 libri

56 818 193 881 adsunt
215 820 250 881 et
270 818 411 902 graiiter
433 816 639 880 ausiliantnr.
684 816 768 880 Nam
792 816 844 880 hie
867 839 990 900 (purple
1014 823 1137 881 Mele'em
1162 818 1220 880 soli

56 928 209 993 debetur
232 928 406 993 Saracena:
429 929 464 991 in
487 926 626 991 editione
649 928 794 1011 prineipo
817 929 865 989 est
889 935 1031 1009 celebrem,
1055 929 1089 991 in
1113 928 1220 991 eodieo

57 1038 212 1103 Etrusco
244 1044 394 1122 nectum,
430 1037 513 1121 quod
548 1037 581 1100 in
610 1050 751 1119 aprinum
775 1059 962 1101 conversum
984 1038 1061 1102 Pius
1094 1039 1220 1122 quidem

58 1149 347 1233 interpretabatur
378 1160 573 1229 reeetnrnom,
611 1148 753 1232 suscepit
784 1149 819 1211 in
854 1147 1040 1212 Brixianam
1072 1148 1218 1232 Pylades,
1240 1162 1267 1209 rx

58 1282 189 1326 menne
207 1258 362 1345 longolio
384 1259 534 1343 praebuit
550 1258 714 1323 ltomanns
737 1259 845 1340 eudes,
870 1259 1091 1323 Palatinarum
1114 1265 1219 1323 autem

62 1371 254 1437 eommunis
287 1382 413 1435 nreumm
440 1371 599 1453 seriptum
622 1373 680 1432 est
727 1368 769 1453 [Ε
793 1370 895 1433 tribus
918 1370 1221 1434 Vimlobonensilms

61 1482 202 1547 enotavi
226 1494 364 1557 melnen,
392 1488 519 1558 niteam,
544 1480 708 1567 speleum]
754 1479 793 1543 In
816 1482 929 1564 qinbus
964 1482 1108 1563 vestigiis
1141 1484 1220 1546 satis

61 1598 208 1679 apparet
225 1592 417 1656 adieetiurm
439 1592 549 1674 bitere,
573 1591 657 1675 qnod
679 1614 743 1654 non
768 1595 817 1654 est
840 1614 895 1655 ein·
910 1594 949 1655 ad
967 1595 1091 1675 portam
1115 1593 1221 1675 potins

62 1726 166 1789 elnam
201 1702 243 1767 ad
266 1703 477 1769 Cleostratam
509 1724 638 1765 uxorem
673 1705 818 1784 spectare
841 1703 1041 1766 arbitrentur.
1086 1700 1154 1764 Nee
1177 1704 1220 1766 vi·

61 1816 180 1897 detur,
217 1814 294 1897 quid
326 1816 421 1898 poeta
453 1813 633 1895 scripserit,
667 1812 764 1895 longe
798 1814 979 1896 petemlum.
1030 1813 1115 1877 Nam
1150 1837 1219 1877 euin

62 1928 225 2010 l'rruprens
247 1923 364 1988 Plauto
391 1923 469 1987 illud
497 1946 598 2007 gerens
626 1924 669 1986 sit
695 1928 746 2006 ut,
771 1926 853 2008 quod
876 1924 1002 1987 ioenmli
1026 1946 1136 1987 eanssa
1157 1926 1220 2007 pri-

64 2060 156 2102 mum
186 2034 340 2121 ambigue
372 2057 510 2119 persona
532 2056 675 2118 (piamque
697 2034 836 2117 dixerat,
866 2034 1009 2099 subiecta
1031 2036 1242 2118 interprete·

64 2150 159 2211 tione
181 2168 259 2210 mox
287 2146 373 2229 ipsa,
398 2168 494 2230 quam
516 2146 550 2209 in
573 2148 697 2230 partem
720 2146 824 2209 valere
847 2147 934 2228 velit,
959 2146 1113 2209 declaret:
1147 2169 1208 2229 quo

62 2258 157 2323 niam
181 2258 217 2320 in
242 2256 396 2341 ambigua
418 2256 652 2339 aliquantulum
674 2256 804 2320 notione
826 2264 983 2321 ardentem
1005 2260 1081 2321 ante
1103 2257 1223 2320 luserat

62 2368 244 2449 Chalinus,
269 2368 303 2430 iu
321 2368 383 2429 tine
399 2388 518 2449 versuS,
542 2389 582 2430 ne
606 2367 681 2450 quid
703 2366 751 2430 vel
768 2368 947 2431 Cleostrata
962 2369 1010 2432 vel
1027 2370 1222 2451 spectatores

62 2478 289 2558 haesitarent,
325 2476 487 2541 commode
516 2476 632 2540 addere
660 2491 841 2541 renuentem
864 2479 978 2561 potuit.
1024 2479 1113 2552 Quod
1136 2478 1224 2542 velut

60 2592 108 2655 sie
130 2590 297 2672 seriptum
319 2572 448 2651 meditem
477 2587 631 2650 faeillime
664 2588 697 2651 in
724 2602 851 2653 meatem
881 2588 1057 2651 transibat:
1091 2589 1132 2652 ab
1162 2588 1221 2650 bae

60 2702 150 2766 enim
184 2698 319 2763 Veteris
354 2698 470 2762 codicis
502 2700 656 2761 memoria
688 2698 951 2783 protieiseemlum
986 2702 1044 2761 ost.
1089 2698 1222 2761 Plautus

59 2818 171 2877 autem
205 2814 366 2893 quamtum
389 2808 435 2872 illi
458 2809 554 2891 mori,
588 2832 650 2892 quo
672 2814 886 2893 speetat.m·1nn
909 2808 1085 2873 intellectui
1111 2832 1222 2872 ‹sensn-

59 2923 159 3002 leret,
199 2919 375 2983 indulserit
408 2923 479 3002 (nee
502 2920 588 2983 enim
611 2921 639 2983 ei
673 2921 869 2984 auscultasse
893 2920 1108 2983 Athenienses
1130 2942 1221 3004 repu-

57 3034 203 3099 tandum
227 3034 311 3112 est),
346 3031 492 3114 singulae
525 3030 653 3094 fabulae
676 3036 850 3114 testantur,
876 3032 953 3094 adeo
976 3034 1012 3093 nt
1035 3053 1094 3094 nee
1116 3032 1223 3095 desint

55 3168 154 3229 sane,
196 3164 285 3226 quae
320 3140 461 3224 paullum
488 3142 673 3225 langueant.
718 3142 901 3225 Eodennpm
923 3143 1087 3225 pertinent
1109 3142 1221 3205 ltlilitis

55 3258 155 3321 rerlm
183 3254 231 3318 ab
255 3250 351 3315 initio
379 3251 485 3316 allata.
520 3252 607 3327 (lirae
632 3276 701 3316 cum
725 3276 790 3316 non
814 3254 853 3315 ad
882 3275 1028 3337 poenam,
1052 3277 1115 3336 (pm
1139 3254 1221 3316 vitae

50 3369 268 3455 sisterentur,
295 3363 497 3445 rettulerunt,
521 3363 576 3426 ad
600 3364 637 3427 ad
657 3364 849 3448 supplieium
872 3364 910 3425 do
932 3365 1219 3447 eapitesumpt-nm,

48 3483 80 3547 iu
106 3498 233 3543 verum
261 3476 393 3558 praetor
415 3474 571 3538 rationem
595 3475 786 3539 inciderunt.
832 3473 899 3538 Nos
922 3475 1024 3557 (enim,
1050 3479 1084 3538 ut
1107 3477 1152 3537 ita
1174 3476 1221 3537 in-

44 3594 300 3678 terpretemur,
337 3584 435 3648 codex
467 3585 593 3649 demum
617 3586 848 3649 Ambrosianus
883 3590 1010 3667 irroret,
1050 3585 1137 3647 errius
1161 3584 1221 3646 lide

40 3703 239 3791 pristinam
265 3697 460 3779 scripturam
482 3696 567 3760 hane
589 3697 711 3779 pridem
736 3698 784 3777 tin
805 3698 965 3780 prooemio
981 3695 1099 3759 lmlieis
1122 3693 1219 3755 sebol.

36 3822 127 3881 aest.
157 3806 310 3875 Vratisl.
335 3829 365 3871 a.
391 3807 483 3895 1839]
509 3808 816 3872 eommemlavinms:

84 3990 203 4055 Credo
223 3990 286 4063 ego
303 3984 381 4042 istoc
397 3986 531 4061 exemplo
555 3985 611 4043 tibi
636 4006 714 4045 esse
736 3986 967 4061 pereundum
993 3986 1075 4041 edm
1092 3987 1219 4059 protam,

86 4072 268 4153 Dispessis
291 4069 432 4128 nirrnibus
448 4071 619 4145 patibulum
642 4090 709 4128 emm
730 4071 864 4129 halmbis.

32 4264 134 4331 Nam
163 4256 315 4339 vulgata
337 4253 465 4336 quidem
487 4253 647 4338 scriptura
670 4259 724 4317 abi
744 4276 805 4317 esse
826 4261 957 4319 erendum
981 4265 1113 4318 (retritum
1131 4263 1222 4317 estre

28 4388 178 4461 portum
205 4367 287 4452 plns
313 4364 457 4448 proseeto
474 4366 637 4428 reinlestiae
661 4369 748 4429 ereat
771 4390 863 4451 qnam
884 4369 1081 4450 perspeetum
1111 4369 1160 4429 est
1182 4366 1222 4429 ab
