2894 5040
707 1103 775 1213 X.

407 1301 616 1422 Verloqola
646 1303 825 1422 quaedam
857 1226 1084 1419 Plautinas)

253 1663 365 1739 „Vagae
386 1680 468 1744 quae
490 1662 599 1724 essent
620 1650 749 1744 etquid
771 1668 898 1750 nonore}
926 1681 992 1724 non
1014 1663 1138 1726 nescire
1160 1686 1193 1727 se
1216 1663 1309 1727 multi
1326 1678 1357 1726 m

149 1773 296 1836 suomet
324 1769 467 1854 exemplo
498 1771 761 1854 oomprobarunt:
797 1770 887 1835 nullo
913 1772 1091 1855 insigniore
1121 1796 1216 1856 quarn
1240 1796 1312 1837 eum

148 1882 246 1946 seire
273 1902 319 1962 se,
344 1879 427 1944 unde
450 1879 603 1944 vocabula
626 1879 681 1944 illa
695 1881 781 1945 dicta
796 1884 914 1964 essent,
937 1881 1073 1965 professi
1097 1886 1182 1946 sunt.
1214 1882 1313 1948 Velut

147 2014 226 2057 non
256 1989 299 2054 G.
325 1989 350 2054 l.
374 1989 490 2055 Vossio
517 1993 646 2055 tantum
669 1990 885 2075 Etymologioi
907 2012 939 2073 p.
963 1992 1036 2074 347,
1067 1991 1122 2056 sed
1145 1993 1241 2057 etiarn
1263 1994 1312 2058 Io-

148 2100 270 2186 sepho
292 2098 457 2185 Scaligero
479 2101 622 2168 Gonieet.
646 2101 681 2165 in
703 2100 882 2165 Varronem
903 2123 935 2184 p.
958 2102 1017 2166 152
1040 2123 1086 2185 sq.
1112 2103 1173 2185 (ed.
1198 2103 1309 2190 Steph.

148 2236 185 2277 a.
209 2210 317 2292 1573)
339 2210 430 2274 divus
452 2209 669 2296 Hieronymus
693 2190 805 2275 comm.
830 2212 864 2274 in
887 2209 1028 2294 Sophon.
1051 2211 1111 2296 III,
1138 2214 1176 2277 18
1200 2219 1311 2279 auctor

145 2323 224 2388 fuit-
250 2323 290 2384 nt
313 2340 351 2384 ex
377 2320 530 2386 hebraica
551 2343 629 2386 uoce
650 2340 705 2386 un
728 2320 896 2386 ducerent:
935 2324 987 2386 ‘ut
1015 2343 1108 2386 nosse
1136 2325 1310 2406 possinuus'

145 2431 282 2515 (verba
304 2434 380 2496 sunt
399 2430 601 2516 Hieronymi)
630 2432 792 2516 ‘linguam
814 2431 998 2496 hebraicam
1020 2432 1163 2496 omnium
1185 2434 1311 2518 lingua·
1391 2483 1399 2498 r

146 2566 235 2610 rum
265 2563 333 2606 esse
354 2542 550 2607 matrloem'.
600 2540 809 2626 Castigatque
837 2541 981 2626 Scaliger
1009 2544 1234 2625 grammaticos
1258 2547 1312 2628 qui

148 2653 343 2742 phrygium
365 2653 470 2737 potius
493 2673 562 2717 esse
584 2652 774 2717 vocabulum
795 2653 988 2735 putaverint.
1035 2650 1155 2717 Contra
1176 2675 1312 2738 graecae

149 2763 351 2852 speculator
366 2763 501 2849 originis
517 2762 726 2828 Doederlinus
743 2762 861 2846 Synon.
878 2762 926 2826 VI
940 2785 972 2846 p.
984 2763 1048 2827 293
1063 2763 1203 2827 eiusdem
1218 2765 1311 2828 nimi-

149 2898 236 2944 rum
264 2896 336 2938 cmn
350 2876 494 2954 νωχελήε
509 2876 649 2955 νοχαλόε
665 2873 773 2955 stirpis
790 2893 858 2936 ease
874 2873 945 2936 sibi·
956 2874 1131 2955 persuasit:
1153 2875 1217 2938 nisi
1232 2875 1311 2939 nml-

150 2998 233 3053 tum
258 2983 411 3067 fallimur,
434 2985 496 3048 sibi
518 2983 586 3048 soli.
624 2986 796 3060 Ἰνδογενὲ(
820 2989 1007 3066 epoptarum
1028 2984 1196 3048 arbitrium
1210 2986 1310 3049 omni-

151 3106 263 3164 tuens
278 3095 485 3179 omniparens
499 3093 652 3179 numquid
668 3094 703 3158 in
718 3093 779 3156 hao
796 3115 908 3156 caussa
924 3093 1109 3176 decreverit,
1133 3095 1310 3179 incomper-

152 3218 234 3274 tum
257 3205 367 3271 nobis:
404 3205 444 3269 ad
465 3204 601 3269 latinam
619 3205 768 3289 linguam
789 3203 921 3267 rediisse
943 3203 1084 3267 Pottiunu
1106 3204 1213 3288 vide0,
1238 3228 1310 3269 raro

153 3316 327 3385 acuminis
343 3315 488 3400 exemplo
504 3337 603 3395 nugas
622 3316 889 3399 interpretantem
904 3317 1069 3398 tamquam
1084 3321 1262 3396 nemsi-ipos
1276 3316 1308 3380 h.

154 3456 185 3496 e.
204 3450 278 3494 non
295 3448 386 3490 usum
408 3430 544 3512 agentes
565 3427 596 3490 h.
614 3448 640 3489 e.
665 3426 692 3489 si
714 3425 814 3489 latine
835 3445 931 3508 quam
947 3424 1081 3488 barbare
1103 3425 1189 3509 loqui
1211 3427 1309 3490 malu-

154 3561 251 3620 mus,
276 3558 370 3601 usum
390 3558 457 3601 non
478 3536 635 3618 ferentes,
659 3534 888 3610 Quaestionum
910 3538 1005 3618 etym.
1028 3534 1060 3597 ll
1083 3558 1113 3619 p.
1130 3535 1202 3600 282.
1241 3538 1310 3610 Quo

152 3648 267 3716 multo
291 3646 482 3730 simplicius,
507 3668 572 3709 non
601 3646 720 3728 verius,
748 3643 824 3708 olim
846 3644 901 3708 alii
921 3644 956 3707 in
978 3666 1016 3708 ne
1037 3649 1069 3708 et
1091 3666 1183 3724 apere
1205 3646 1309 3708 vorbis

153 3758 389 3825 substiterant.
434 3755 516 3831 Quid
544 3755 666 3841 igitur?
701 3754 822 3818 fidesne
850 3755 942 3818 nobis
969 3752 1154 3836 habebitur,
1190 3755 1215 3816 si
1244 3777 1310 3818 non

153 3866 297 3935 aliunde
319 3866 383 3930 nisi
405 3887 422 3930 a
445 3886 567 3931 nauco
588 3868 732 3950 repetere
754 3886 874 3944 nunus
894 3866 927 3928 h.
950 3886 977 3928 e.
1000 3885 1146 3942 nonnos
1168 3864 1310 3927 animum

160 4026 252 4037 n.—

226 4107 255 4172 ⁸)
293 4102 483 4173 [Prooemium
501 4102 601 4158 Indicis
631 4102 789 4157 scholarum
818 4102 999 4156 hibernarum
1028 4098 1216 4154 Bonnensium
1246 4116 1308 4153 ann.

151 4193 391 4256 cmmccchlv
412 4197 442 4250 at
458 4195 518 4250 LV:
547 4197 648 4250 iterum
670 4194 700 4248 in
721 4194 863 4265 publicum
887 4195 1015 4248 enrissum
1033 4194 1061 4247 in
1084 4191 1310 4247 ‘Prooamiorum

150 4287 357 4352 Βοωωὶιιιιι
375 4286 495 4344 deoade’
520 4287 652 4357 (Barolini
670 4304 695 4343 a.
716 4285 945 4383 crolocccuxo
963 4305 990 4341 u.
1007 4287 1050 4357 Il]
