2850 5032
228 99 293 162 430
585 114 802 176 vuarnoqvm
824 115 1012 163 susumus.

229 288 337 330 versus
364 268 494 333 initium
522 269 657 332 traiecta
684 268 771 332 hunc
797 269 903 354 ipsum
924 270 978 333 vix
1000 269 1074 334 ullis
1096 267 1259 334 machinis
1279 289 1415 353 expe—⁴.

228 377 308 460 dias,
332 378 386 462 qui
409 400 496 452 nune
518 400 552 444 se
574 378 672 443 habet
694 379 926 465 rectissime*):

313 520 401 579 Etsi
424 521 484 579 alia
504 521 562 580 huc
585 540 673 580 causa
696 521 733 578 ad
756 524 786 579 ts
809 520 926 594 adveni,
950 539 1079 597 aequom
1100 521 1251 622 postulas,

228 650 297 714 Nec
319 651 434 714 mirum
455 652 519 714 iam
541 649 692 714 Plautina
714 654 821 715 astate
844 652 989 715 contrahi
1013 673 1084 714 eam
1097 672 1210 716 vocem
1225 655 1415 737 coepturn

229 783 308 845 esse,
324 783 421 845 quam
435 783 501 825 non
517 762 580 824 nisi
596 764 796 825 contractam
808 761 976 826 Terentius
992 761 1092 844 novit,
1109 764 1161 825 ter
1175 761 1231 826 ille
1247 768 1415 841 iuream

227 873 324 936 verbo
339 894 426 955 usus,
443 872 568 936 sexiens
584 871 769 955 composito.
793 872 937 957 itemque
952 875 1028 936 ante
1043 871 1232 936 Terentium
1244 871 1415 938 Ennia]

226 983 262 1045 in
277 981 448 1068 Iphigenia
474 984 515 1070 [v.
534 982 594 1046 193
608 980 649 1046 R.
666 982 730 1045 264
742 981 812 1071 V.]:
835 985 995 1048 Menelaus
1012 1002 1059 1046 me
1074 984 1232 1062 ebidrqut:
1253 990 1290 1048 r’d
1302 1005 1415 1048 mes

226 1094 317 1157 rebus
338 1100 472 1171 repimen
494 1096 625 1158 re'slr'lut.
656 1093 703 1157 Vt
724 1092 807 1158 nihil
829 1092 934 1157 dicam
956 1093 994 1157 ds
1010 1092 1168 1176 dactylico
1193 1095 1415 1159 carminu:

227 1224 361 1287 genere,
391 1202 431 1266 ad
459 1203 542 1288 quod
565 1203 721 1268 Varronis
743 1205 778 1267 in
805 1205 907 1270 Ὄνου
933 1205 1015 1288 λύρᾳ
1036 1203 1101 1267 illa
1120 1204 1207 1287 apud
1230 1203 1415 1269 Nonio-*J

227 1336 258 1396 p.
286 1314 345 1378 182
368 1318 400 1377 et
420 1315 485 1379 230
506 1315 681 1398 pertinent,
706 1315 826 1378 duobus
848 1313 1043 1378 hexametris
1058 1314 1185 1379 'talibus
1207 1314 1279 1379 fere
1302 1337 1408 1380 oon.

228 1423 399 1489 cludenda:

353 1565 477 1642 Iurgare
500 1567 618 1642 occepit
640 1567 756 1625 dicens:
781 1586 857 1642 quae
879 1573 937 1625 iam
959 1565 1055 1625 facis?
1077 1576 1105 1625 et
1127 1587 1204 1642 quor

354 1651 390 1709 In
412 1653 536 1728 volgum
558 1652 664 1729 volgus
687 1655 843 1727 artemque
865 1653 1015 1726 expromis
1037 1649 1239 1730 inertem?**)

313 1797 482 1862 Simillima
503 1799 586 1863 ratio
609 1802 642 1863 et
665 1799 810 1864 condicio
833 1802 882 1863 est
899 1820 1077 1878 purpure
1097 1799 1189 1863 verbi
1213 1821 1289 1863 eum
1311 1801 1367 1864 suis
1405 1804 1415 1835 ‘¹

229 1909 410 1993 compositis
439 1913 472 1973 et
493 1909 656 1974 derivatis.
701 1909 771 1974 Nisi
799 1908 882 1995 quod
911 1913 944 1973 et
970 1913 1115 1974 servatae
1136 1916 1149 1973 r'
1169 1909 1302 1974 litterae
1324 1933 1364 1974 ex-

228 2018 376 2102 emplum,
400 2018 494 2104 quale
510 2041 527 2082 e
542 2019 698 2084 Varronis
720 2019 840 2083 Rerum
855 2022 934 2083 rust.
957 2019 1000 2103 II,
1023 2021 1055 2102 4,
1080 2020 1121 2083 14
1142 2019 1367 2084 Lachmannus

227 2128 371 2212 protulit,
394 2129 429 2194 in
450 2128 540 2194 libris
555 2129 715 2194 Plautinis
737 2130 831 2195 hodie
853 2128 978 2194 nullum
999 2134 1155 2215 superest,
1180 2133 1214 2194 et
1237 2131 1368 2195 extritae

229 2320 430 2330 -—-——-.-...-

295 2411 320 2479 ²⁸)
343 2411 405 2465 Non
426 2414 502 2466 recte
525 2409 598 2465 enim
620 2411 694 2464 hunc
711 2427 821 2465 versum
839 2409 1063 2466 Schneidewinus
1080 2409 1215 2465 nectant
1232 2409 1374 2482 Philologi
1406 2374 1415 2387 ι

227 2507 247 2559 t.
261 2505 321 2574 Vp.
336 2511 385 2560 376
397 2524 438 2573 sq.
464 2505 519 2558 Vbi
537 2504 777 2573 perversissimam
795 2503 888 2558 dicens
900 2504 973 2559 hanc
985 2503 1166 2558 sententiam:
1186 2503 1254 2558 ‘bin
1265 2504 1312 2560 ich
1325 2523 1374 2560 aus

227 2599 344 2652 andercr
367 2599 567 2667 vcranlassung
589 2617 622 2652 zu
644 2597 687 2651 dir
709 2599 890 2666 gelrommen,
914 2613 945 2650 so
967 2596 1004 2650 ist
1022 2596 1107 2650 doch
1125 2596 1190 2650 dein
1208 2599 1375 2669 vertangen,

227 2691 290 2744 dass
308 2691 353 2744 ich
371 2691 447 2744 tadel
464 2691 608 2758 verdiene,
626 2690 767 2760 gerccht',
791 2708 840 2744 suo
858 2691 918 2745 iure
936 2690 1036 2744 utitur:
1061 2707 1116 2744 non
1135 2689 1232 2756 utitur,
1253 2707 1319 2744 cum
1338 2693 1378 2747 sic

227 2785 258 2837 ut
275 2784 341 2837 fecit
359 2785 494 2838 convertit
512 2785 599 2839 verba
616 2784 683 2838 satis
701 2785 794 2853 plana.
819 2783 916 2851 Neque
934 2784 1008 2838 enim
1026 2781 1185 2837 concessiva
1203 2785 1250 2836 est
1269 2788 1298 2841 si
1314 2803 1379 2854 pnr-

227 2877 311 2930 ticula
327 2879 472 2945 tamquam
493 2897 545 2948 pro
564 2883 619 2935 etri
634 2879 742 2947 posita,
767 2877 816 2932 sed
835 2876 1030 2932 condicionalis
1049 2875 1227 2946 simpliciter:
1260 2877 1303 2930 ‘si
1322 2879 1381 2933 alia

226 2969 285 3035 nisi,
297 2972 325 3024 te
344 2971 511 3039 obiurgandi
529 2989 627 3026 caussa
644 2973 698 3025 huc
711 2970 819 3037 adveni,
838 2986 957 3039 aequom
975 2971 1114 3039 postulas’
1135 2969 1170 3037 (h.
1186 2986 1209 3023 e.
1226 2969 1309 3025 ‘inre
1329 2974 1380 3026 tuo

227 3063 351 3130 uteris’):
372 3080 425 3130 quo
438 3065 467 3116 id
479 3065 578 3133 ipsum,
598 3065 673 3134 quod
691 3064 799 3134 expetit
818 3063 1050 3129 Schneidewinus‚
1070 3063 1137 3117 dicit
1149 3061 1293 3131 Callicles,
1312 3082 1382 3119 non

226 3157 282 3210 alia
300 3175 329 3211 so
348 3174 446 3210 caussa
463 3157 615 3212 advenisse.
642 3157 828 3228 [‘Trinummi
846 3174 956 3212 versum
974 3162 1007 3210 96
1025 3174 1060 3210 ne
1078 3173 1151 3210 nunc
1169 3156 1291 3224 quidem
1310 3160 1382 3212 mihi

225 3250 380 3319 persuadeo
396 3251 432 3304 ad
450 3251 535 3304 talem
558 3252 679 3321 speciem
697 3251 885 3305 revocandum
903 3268 973 3317 esse,
991 3250 1101 3318 qualem
1121 3267 1184 3303 cmn
1202 3249 1382 3306 Fritzschius

224 3344 254 3396 in
272 3344 414 3413 prooemio
432 3344 516 3398 schol.
536 3345 666 3399 Rostoch.
687 3345 797 3398 hibern.
817 3362 842 3398 a.
863 3350 928 3398 1849
946 3350 1002 3414 p.4
1020 3345 1080 3397 tum
1098 3342 1303 3399 Fleckeisenus
1323 3346 1381 3416 epi-

225 3438 313 3491 stulae
332 3437 367 3491 de
385 3439 439 3491 vet.
453 3440 527 3508 poet.
541 3438 590 3491 lat.
603 3440 703 3507 fragm.
718 3438 788 3491 Gell.
801 3456 828 3507 p.
841 3444 872 3490 21
886 3454 927 3505 sq.
947 3436 1198 3491 commendarunt’
1225 3440 1270 3505 (E
1279 3443 1381 3509 praes.

224 3533 372 3600 Decarlr's.)
391 3561 423 3568 —
442 3530 570 3586 Ceterum
589 3532 623 3584 de
641 3532 694 3585 hoc
712 3530 780 3585 alibi
798 3531 900 3600 agendi
918 3531 994 3585 locus
1012 3529 1087 3600 erit]

292 3627 332 3694 ³³²³)
353 3623 541 3694 [Seiungenda
559 3643 576 3679 a
593 3627 694 3695 poetae
712 3624 805 3679 verbis
824 3625 923 3694 stipsi
941 3623 1061 3678 Varroni
1078 3622 1235 3679 tribuenda
1255 3631 1381 3698 impare

225 3722 316 3787 coepit
338 3721 437 3775 diceas
456 3737 518 3773 cum
536 3718 661 3772 Vahlcno
679 3718 738 3772 visa
755 3719 819 3771 sunt
840 3717 869 3770 in
892 3715 1082 3771 Coniectaneis
1104 3715 1133 3769 in
1155 3716 1242 3772 Varr.
1263 3725 1380 3776 saturas

225 3830 251 3881 p.
272 3818 303 3864 12
322 3815 381 3865 turn
399 3811 520 3865 Lucieno
538 3812 671 3866 Muellero
694 3811 728 3865 de
747 3829 776 3864 rc
794 3810 911 3865 metrica
928 3828 955 3880 p.
974 3816 1019 3864 86:
1050 3825 1168 3877 quorum
1186 3811 1257 3867 huic
1280 3832 1380 3870 veram

226 3905 420 3973 anapaesticus
438 3905 502 3958 talis
521 3905 627 3974 placuit

294 4022 370 4086 Quae
388 4025 448 4089 scis,
467 4042 520 4093 age
533 4025 597 4091 quei
614 4024 642 4077 in
660 4025 774 4091 vulgum
792 4023 891 4092 vulgas
910 4024 1055 4089 artemque
1074 4023 1216 4092 expromis
1234 4025 1380 4081 inertem?

225 4141 253 4197 id
272 4143 346 4208 quod
365 4143 401 4194 ab
419 4144 460 4195 ΑΙ.
482 4143 573 4197 ltiesio
592 4146 749 4211 srrsecpturu
769 4147 812 4196 cst
830 4161 855 4211 p.
877 4144 945 4211 lea]
