2850 5032
193 119 229 183 30
509 134 730 183 euossnnrvn
754 133 968 181 varrnvn.

177 288 423 351 anomoeorum
437 287 654 369 exonrplorrnn
666 290 781 367 movet,
801 308 883 369 quae
896 306 1016 350 rursum
1030 288 1162 349 servant
1171 285 1206 349 iu
1218 284 1312 349 libris

166 401 222 461 ant
237 398 384 461 omnibus
400 401 456 461 ant
472 397 617 481 optimis:
637 419 769 481 quorum
787 418 956 460 numerum
971 395 1071 459 habes
1087 395 1220 460 'circiter
1235 394 1314 459 tri-

166 509 368 573 cenarium
401 512 541 592 (praeter
569 529 606 571 ea
634 509 668 571 in
696 508 810 592 ‹prilnrs
838 529 959 571 rursiam
987 504 1246 591 monosyllabum
1274 506 1313 569 fit

165 623 241 683 ante
256 618 421 699 vocalem).
451 617 489 681 ln
511 640 573 702 quo
584 640 716 681 numero
728 619 825 681 etiam
836 617 916 681 haec
929 617 1078 681 habenda
1089 620 1176 698 sunt,
1195 616 1232 681 in
1243 615 1313 701 qui·

165 730 225 793 bus
257 752 365 794 rursus
387 729 440 793 diu
463 732 677 813 propagatum
700 751 786 792 nune
809 728 906 792 cessit
927 728 1095 791 meliorum
1117 727 1192 791 fidei
1215 726 1313 791 libro-

165 861 250 904 rum:
283 878 326 888 —
358 838 472 902 Militis
495 839 542 922 ΙΙ,
566 841 602 920 0,
630 840 689 901 100
722 839 810 919 (592)
844 843 946 903 Redeo
968 841 999 902 ia
1021 851 1159 904 senatum
1188 838 1312 901 reisam:

165 972 235 1013 aram
260 952 444 1014 Palaestrio:
479 950 526 1014 sic
548 949 633 1014 enim
656 950 700 1012 ibi
724 949 969 1031 Ambrosianus,
1002 949 1057 1013 ubi
1080 948 1168 1032 ipsos
1189 946 1312 1011 Palati-

165 1081 224 1122 nos
256 1060 371 1123 vitiosa
403 1083 508 1124 rursus
540 1061 699 1143 scriptura
732 1060 916 1143 occupavit3
939 1098 980 1107 -
1013 1058 1082 1123 Mil.
1106 1057 1166 1141 ΠΙ,
1193 1059 1224 1139 1,
1252 1058 1311 1123 1οῘ

166 1171 257 1256 (701)
291 1172 330 1233 Di
360 1176 415 1234 tibi
440 1173 573 1251 propitii
603 1183 673 1233 snm
708 1175 825 1234 hercle:
868 1176 897 1233 εἰ
930 1172 1017 1233 nom
1050 1174 1141 1234 semel
1171 1170 1313 1233 ornisema

167 1272 360 1353 libertatem,
394 1285 456 1343 bau
474 1284 573 1357 filcile
595 1293 623 1343 ee
645 1287 676 1344 in
698 1302 765 1344 enm
788 1282 889 1343 rusum
912 1282 1052 1345 restitues
1073 1287 1172 1344 locam
1194 1300 1310 1343 secuu-

166 1391 240 1453 dum
264 1389 512 1454 Ambrosianum
535 1394 567 1453 et
589 1389 765 1471 Palatinos,
790 1389 844 1453 nbi
867 1413 950 1454 unns
973 1389 1098 1454 Merula
1121 1411 1193 1454 cum
1217 1388 1312 1453 Italis

165 1522 288 1583 rursum
311 1540 352 1548 -
374 1501 502 1565 Trucul.
528 1499 568 1581 V,
593 1501 633 1563 73
659 1499 815 1578 alternaeque
838 1513 869 1562 n!
882 1522 945 1564 rem
961 1506 1033 1565 bene
1045 1503 1162 1579 pactam
1180 1501 1309 1587 {video}

165 1615 294 1676 vostrum
327 1634 445 1675 rursum
478 1614 552 1675 be'ae
582 1632 705 1688 fferam,
741 1610 795 1674 nbi
817 1612 1018 1675 Camerarius
1052 1611 1180 1675 demum
1203 1632 1313 1675 rursus

165 1722 303 1804 invexit,
340 1745 405 1785 non
438 1721 502 1785 alia
535 1726 614 1805 puto
648 1743 759 1785 caussa
791 1724 897 1784 motus
925 1722 989 1785 nisi
1026 1722 1110 1806 quod
1132 1722 1166 1785 in
1191 1720 1313 1785 Vetere

166 1854 230 1896 non
253 1836 302 1896 est
324 1855 444 1895 rursum
467 1835 502 1895 ut
523 1832 558 1894 in
582 1832 695 1895 ceteris
718 1832 885 1914 scripturn,
908 1831 963 1895 sed
986 1830 1233 1896 immemorabili
1248 1831 1312 1895 ois-

165 1943 332 2026 crepantia
354 1967 444 2007 rursu
466 1947 539 2006 bene
558 1964 646 2020 pero.
692 1941 817 2006 'l'antao
840 1941 941 2025 igitur
962 1942 1178 2025 exemplorum
1203 1941 1312 2005 multi·

164 2052 268 2116 tudini
301 2054 365 2116 tria
386 2056 513 2116 tantum
536 2055 665 2115 exstant
687 2074 767 2135 quae
790 2053 861 2136 quis
883 2056 1041 2136 opponat,
1075 2074 1173 2136 caque
1197 2074 1216 2115 e
1237 2051 1312 2115 tali·

165 2163 224 2227 bus
246 2162 428 2226 fabularum
450 2162 673 2225 Plautinarnm
695 2163 840 2245 partibus
862 2163 965 2246 petita
986 2163 1111 2244 omnia,
1134 2164 1170 2227 in
1192 2161 1312 2245 quibus

165 2272 372 2336 Ambrosiam
405 2272 521 2335 codicis
552 2271 745 2336 testimoniis
780 2272 994 2336 destituimur.
1039 2273 1083 2336 Et
1104 2271 1219 2336 honum
1242 2272 1310 2356 qui-

165 2382 236 2446 dem
259 2405 374 2466 rurum,
404 2383 488 2466 quod
511 2387 560 2446 est
581 2382 715 2447 Poenuli
738 2382 818 2465 prol.
843 2384 884 2447 79
909 2388 1057 2448 Reuertar
1078 2405 1187 2447 rrrrsas·
1209 2385 1312 2447 denseo

166 2497 392 2573 Cartlnipmem,
416 2494 487 2576 quis
510 2493 560 2556 vel
574 2494 734 2577 tantisper
756 2492 899 2556 tuebitur
921 2498 1106 2577 comparato
1129 2494 1203 2559 Cas.
1226 2491 1309 2577 prol.

164 2604 206 2667 33
225 2608 329 2683 pristid
358 2625 479 2668 rursum
513 2607 634 2668 deraso?
677 2604 766 2687 Ergo
799 2624 840 2665 ne
863 2604 924 2667 (luo
946 2603 1072 2687 quidem
1095 2624 1177 2688 quae
1200 2624 1310 2687 super-

165 2717 256 2777 sunt:
291 2712 390 2778 Mere.
415 2714 455 2796 V,
489 2715 520 2796 4,
555 2714 595 2778 41
620 2714 732 2799 (1001)
758 2717 976 2777 ttinsaetndine
1008 2717 1128 2777 finimas
1149 2736 1260 2778 ruram
1282 2726 1311 2777 te

164 2825 224 2888 laic
246 2829 400 2889 iadrtcetzz
429 2828 578 2906 obscuro,
603 2828 635 2887 ct
657 2824 755 2888 Poen.
781 2823 821 2905 V,
845 2825 876 2906 2,
900 2825 942 2887 40
964 2826 1075 2887 nana
1097 2829 1179 2889 laurac
1202 2847 1311 2889 rursm·

161 2936 273 3015 palaico
296 2938 391 2999 uerbis
412 2943 498 3012 nacte,
535 2935 670 2998 multum
703 2934 867 2998 dubitabis
889 2938 1038 2999 revocata
1060 2956 1179 2999 rursum
1204 2934 1311 2997 fornia

165 3045 205 3108 ml
239 3045 431 3128 reliquorum
463 3045 705 3108 similitudinem
738 3045 986 3109 accommodare.
1037 3045 1109 3109 Etsi
1131 3045 1219 3108 eninr
1241 3066 1309 3108 non

165 3176 216 3217 me
238 3155 324 3237 fugit
346 3154 547 3219 Naeuianum
570 3180 587 3218 e
609 3155 787 3219 Tarentilla
810 3154 1006 3238 exemplum,
1042 3157 1125 3239 qnml
1149 3176 1215 3219 non
1237 3155 1311 3219 sine

165 3285 285 3349 magna
307 3266 534 3348 probabilitate
557 3267 603 3329 sie
625 3264 911 3349 retlintegravitll.
926 3264 1048 3329 Keilius
1072 3266 1111 3328 aa
1124 3264 1309 3330 (llrnrisium

165 3399 197 3460 p.
221 3375 298 3439 217:
331 3380 392 3455 patri
418 3399 481 3457 pro
514 3381 696 3453 confidentia
729 3378 828 3439 Itiisns
854 3381 975 3439 verbnm
1002 3378 1069 3440 crim
1099 3400 1134 3439 eo
1157 3380 1309 3452 facerem.

165 3489 273 3550 tamen
292 3490 477 3551 etseorsnrn
500 3486 715 3570 quaerendum
738 3490 787 3549 est
798 3485 912 3549 Plauto
934 3487 1009 3569 qnid
1033 3486 1200 3570 placuerit,
1225 3490 1259 3551 et
1284 3486 1311 3549 is

165 3601 202 3660 ut
224 3597 285 3661 sibi
308 3597 375 3681 ipse
399 3600 524 3661 constet
546 3597 721 3660 curandum
737 3600 866 3680 praeter
882 3600 998 3660 cetera.
1044 3596 1094 3661 Ne
1111 3597 1182 3682 quis
1199 3601 1310 3660 autem

166 3707 378 3772 ratiocinandi
412 3707 664 3772 inconstantiam
686 3707 764 3770 milri
787 3707 917 3788 obiciat,
952 3707 1006 3790 qui
1030 3711 1105 3771 ante
1129 3729 1304 3771 consonan-

165 3820 230 3880 tem
264 3818 386 3901 positae
413 3840 520 3883 rursm
541 3818 664 3880 formae
686 3818 747 3881 duo
770 3817 833 3900 (vol
856 3818 933 3901 tria)
957 3818 1102 3902 exempla
1125 3817 1294 3881 sollicitem

166 3926 215 3989 bis
237 3927 338 3990 vocali
361 3929 567 4011 praemissam
590 3931 713 3991 tutatus
736 3928 795 3990 sim
818 3950 930 4010 supra:
964 3929 1177 4010 reputandum
1201 3931 1251 3991 est
1274 3929 1284 3991 i

167 4034 237 4098 hoe
259 4059 376 4120 genere
410 4039 608 4122 aliquantum
644 4038 778 4102 valuisse
806 4039 898 4101 metri
924 4039 1188 4121 inritamentum,
1222 4059 1273 4123 (pn

166 4144 288 4208 nullinn
314 4147 344 4209 in
370 4147 438 4209 illa
461 4149 532 4212 fnit.
572 4148 680 4231 ltaque
703 4150 799 4211 etiarn
812 4153 881 4229 post
911 4149 1056 4213 l'lanbnn
1073 4174 1180 4214 riusa<
1196 4152 1262 4225 inse·
