2850 5032
166 285 229 349 392
452 284 692 361 stus'monus
715 298 1023 347 roroonsrfflcsn.

166 476 267 519 novae
284 456 401 538 essent,
426 476 445 518 a
466 453 673 519 veteribus
696 452 760 516 illis
775 453 809 534 (i.
828 472 855 516 e.
870 454 998 539 septem)
1013 453 1172 538 distingui
1185 459 1268 540 coept

168 587 247 629 esse.
276 564 313 627 Id
336 566 443 628 autem
464 566 586 629 factum
609 564 653 627 sit
667 565 793 647 oportet
815 565 891 637 ante
913 586 944 626 a.
959 563 1039 628 570:
1062 586 1100 628 eo
1122 565 1209 630 enim
1227 586 1268 629 an

167 677 250 740 teste
271 674 362 738 Livio
389 673 545 756 XXXIX,
568 673 611 736 44
633 671 677 735 Μ.
702 672 782 737 Cato
815 671 855 734 ad
888 672 1120 739 aedificandam
1146 675 1268 740 basilica

168 808 257 850 suam
280 797 424 865 quattuor
455 789 598 848 tetmarus
619 782 711 864 emit,
746 803 824 866 quas
847 805 864 845 e
886 784 977 847 novis
1002 784 1102 849 fuisse
1123 784 1201 849 inde
1222 785 1268 849 int

168 897 297 981 legitur,
321 894 404 979 quod
421 895 456 959 in
471 892 716 976 septentrionali
738 895 830 976 parte
845 893 908 956 fori
922 894 986 958 fuit
1000 894 1135 958 basilica·
1150 894 1263 960 Porcia

168 1006 310 1082 Quocum
334 1005 493 1087 convenit,
516 1003 601 1087 quod
623 1003 733 1087 paucis
755 1006 828 1087 post
843 1004 938 1067 aunis
954 1003 1045 1087 (515)
1061 1005 1152 1069 iuxta
1166 1005 1268 1070 Porcia

171 1117 302 1182 basilica
330 1113 481 1202 Aemilia!
497 1113 644 1177 conditur
665 1125 737 1193 post
764 1121 962 1191 carpentarius
990 1136 1102 1197 noves,
1136 1118 1176 1180 ut
1196 1116 1268 1180 aitl

169 1227 239 1291 vius
261 1225 334 1309 XL,
358 1227 417 1289 51:
450 1246 529 1308 quas
561 1223 688 1307 quidem
720 1222 858 1306 simplici
890 1227 1020 1288 nomine
1049 1226 1106 1288 aut
1138 1247 1268 1308 novass

170 1336 371 1421 argentarias
387 1335 529 1416 dixisset,
553 1333 581 1396 si
598 1353 671 1396 vera
686 1336 770 1396 esset
786 1334 910 1398 Osanni
924 1335 1161 1418 interpretatio.
1195 1334 1268 1402 Cont

171 1470 199 1510 a.
223 1446 286 1511 585
308 1445 357 1510 ri.
382 1444 589 1528 Sempronius
611 1443 646 1507 in
668 1444 816 1527 opposita
838 1443 901 1507 fori
922 1447 1014 1527 parte
1035 1467 1126 1508 suam
1148 1444 1268 1510 basilia

170 1557 249 1621 fecit
275 1578 356 1636 pone
388 1566 519 1636 veteres,
553 1557 589 1617 ut
621 1555 671 1618 est
704 1553 787 1637 apud
821 1553 957 1618 eundern
989 1554 1115 1619 Livium
1139 1554 1268 1639 XLV,]

173 1667 350 1751 coemitque
383 1665 423 1730 ad
456 1687 525 1729 eam
558 1686 626 1728 rem
658 1671 797 1757 lanienas
819 1675 855 1728 et
882 1669 1037 1728 tatanus:
1072 1665 1188 1749 quibus
1210 1665 1268 1730 vert

172 1799 297 1841 rursum
320 1777 479 1857 docemur,
502 1796 583 1859 quae
606 1773 795 1858 simpliciter*
815 1779 962 1838 tabernae
976 1777 1169 1841 vocarentur
1189 1776 1224 1840 in
1243 1776 1268 1841 fr

173 1887 358 1970 collocatae,
381 1885 527 1950 lanienas
550 1906 619 1949 esse
641 1884 782 1948 desiisse.

257 1997 339 2072 Quid
362 1995 492 2060 autem?
514 1994 721 2077 lanienacne,
749 1993 859 2078 quales
881 1994 934 2059 hic
957 2001 1254 2080 commemorantur,

172 2110 242 2172 foro
265 2107 452 2171 etiamtum
475 2105 647 2169 exstabant
669 2105 823 2169 omnino?
845 2128 887 2169 au
910 2106 945 2173 in
968 2107 1170 2191 argentarias
1192 2107 1268 2191 pride

173 2239 283 2280 omnes
306 2237 476 2280 conversae
499 2215 616 2278 erant?
660 2214 783 2300 Nempe
812 2237 878 2280 non
901 2216 1038 2300 amplius
1062 2220 1155 2281 erant
1177 2219 1211 2282 iu
1232 2218 1268 2281 foi

174 2327 228 2390 sed
252 2325 292 2389 ad
313 2325 418 2388 sorum
434 2330 535 2407 erant,
560 2325 594 2388 in
609 2324 731 2389 vicinos
743 2325 863 2390 viculos
874 2327 1126 2411 angiportusque
1140 2349 1268 2411 repressi

176 2459 214 2500 ex
225 2457 288 2519 quo
299 2438 441 2518 tempore
453 2436 558 2519 ipsum
568 2435 674 2511 sorum
686 2436 889 2520 argentariae
905 2437 1175 2522 occuparant**):
1190 2438 1221 2501 id
1233 2459 1268 2521 qu

175 2545 385 2630 probabiliter
400 2548 436 2609 ut
451 2545 643 2608 arbitramur
659 2544 828 2609 Bunscnus
846 2569 877 2628 p.
894 2548 936 2611 ‘25
951 2569 998 2629 sq.
1015 2548 1163 2612 coniecit.
1192 2547 1235 2610 nt
1256 2546 1268 2610 1

86 2730 88 2734 ἱ
176 2679 248 2720 cnm
275 2657 310 2720 in
338 2654 510 2719 australem
539 2656 600 2718 fori
622 2658 747 2738 partem
771 2655 882 2720 cadere
906 2656 1113 2740 Semproniae
1135 2658 1214 2722 illud
1236 2659 1268 2721 bs

178 2767 257 2830 licae
285 2765 464 2848 exemplum
498 2765 626 2847 doceat,
656 2765 741 2828 circa
774 2766 1058 2849 septentrionalem
1091 2767 1268 2832 collocatae

176 2876 377 2940 lanienarum
407 2876 527 2939 mentio
555 2875 731 2939 faciliorem
760 2876 857 2939 etiarn
885 2876 984 2941 habet
1011 2881 1043 2941 et
1072 2879 1240 2943 certiorem

176 2986 341 3070 plicatum.
390 2984 439 3047 lbi
468 2987 553 3048 enim
581 2986 679 3049 situm
707 2989 776 3049 erut
807 2990 912 3062 sorum
936 2995 1152 3066 piscatorium:
1188 2989 1227 3052 de
1259 3012 1268 3053 s

176 3095 248 3159 vide
271 3093 448 3157 Beckerum
476 3095 638 3159 commode
667 3095 885 3179 disputantem
915 3120 947 3180 p.
970 3097 1044 3160 261.
1087 3097 1123 3161 Id
1148 3100 1225 3162 anni
1259 3101 1268 3163 t

178 3203 327 3268 incendio
351 3227 415 3267 una
437 3204 569 3288 periisse
591 3205 699 3268 Livius
727 3206 818 3269 testis
847 3209 895 3269 est
921 3205 970 3269 his
993 3206 1098 3270 verbis
1119 3206 1242 3291 XXVI,
1265 3216 1268 3272 1

177 3321 279 3378 eodem
313 3327 447 3393 tempore
477 3328 588 3394 septem
619 3321 765 3380 tabernae
794 3364 932 3381 .....
956 3339 1069 3381 arsere.
1104 3324 1268 3398 campreto

173 3437 281 3505 postea
300 3431 425 3502 privata
447 3433 606 3502 aedificia:
633 3448 728 3505 neque
750 3433 826 3490 enim
853 3439 915 3490 tom
936 3433 1081 3492 basilicae
1108 3443 1218 3492 erasit:
1245 3452 1268 3494 a

173 3541 347 3616 protensae
381 3541 548 3599 larelumr'oe
574 3541 739 3616 forumque
763 3543 960 3615 piscatorium
987 3550 1017 3600 et
1049 3545 1161 3603 atriwo
1195 3547 1268 3617 repis

129 3655 159 3702 11
179 3644 300 3719 Quibus
312 3627 394 3708 'iarn
423 3646 597 3710 contendas
631 3646 770 3710 ciusdem
799 3646 964 3729 scriptoris
992 3646 1031 3710 de
1059 3649 1219 3730 reparatis
1255 3672 1268 3732 1

181 3821 382 3828 ——...—--——-

250 3918 275 3983 *1
300 3917 391 3987 [Hauc
409 3917 679 3985 argumentationem
696 3917 725 3970 L.
744 3915 895 3970 Vrlichsius
918 3915 1007 3970 Musei
1027 3917 1156 3972 Rhenaui
1175 3921 1242 3974 novi
1265 3936 1268 3955 ¹

180 4027 206 4076 p.
228 4015 275 4063 157
293 4009 413 4063 firmavit
430 4008 505 4063 Festi
523 4028 549 4078 p.
570 4016 619 4064 230
636 4010 672 4063 M.
692 4009 865 4077 testimonie,
891 4010 963 4063 uude
981 4027 1054 4063 auno
1072 4027 1097 4065 a.
1118 4030 1144 4065 u.
1165 4030 1186 4066 c.
1207 4020 1256 4068 561

182 4120 234 4158 vas
252 4103 388 4159 laternas
407 4119 466 4156 esse
484 4102 609 4156 conditas
627 4102 741 4172 edocit]

248 4194 289 4260 **)
307 4192 478 4248 Cureulionis
496 4194 542 4260 IV,
561 4201 573 4247 1
594 4212 674 4249 versu
691 4202 723 4249 ‘22
743 4197 818 4266 [183]
838 4198 923 4265 pocta
940 4195 1037 4263 quaeri
1054 4195 1134 4251 iubet

310 4311 344 4365 ln
367 4310 514 4369 Velabro
533 4312 577 4367 vcl
593 4313 728 4384 pistorem
747 4315 790 4369 vel
808 4315 936 4369 lanium
954 4315 997 4369 vel
1015 4315 1199 4386 haruspicem.
