<?xml version="1.0" encoding="UTF-8"?>
<!DOCTYPE html PUBLIC "-//W3C//DTD XHTML 1.0 Transitional//EN"
    "http://www.w3.org/TR/xhtml1/DTD/xhtml1-transitional.dtd">
<html xmlns="http://www.w3.org/1999/xhtml" xml:lang="en" lang="en">
 <head>
  <title>
</title>
<meta http-equiv="Content-Type" content="text/html;charset=utf-8" />
  <meta name='ocr-system' content='tesseract 3.04.00' />
  <meta name='ocr-capabilities' content='ocr_page ocr_carea ocr_par ocr_line ocrx_word'/>
</head>
<body>
  <div class='ocr_page' id='page_1' title='image "./fridericiritsch01ritsgoog_0411.png"; bbox 0 0 2850 5032; ppageno 0'>
   <div class='ocr_carea' id='block_1_1' title="bbox 182 312 1032 386">
    <p class='ocr_par' dir='ltr' id='par_1_1' title="bbox 182 312 1032 386">
     <span class='ocr_line' id='line_1_1' title="bbox 182 312 1032 386; baseline -0.002 -12"><span class='ocrx_word' id='word_1_1' title='bbox 182 312 246 376; x_wconf 81' lang='lat'>380</span> <span class='ocrx_word' id='word_1_2' title='bbox 461 324 701 386; x_wconf 79' lang='lat' dir='ltr'>Qvansrronns</span> <span class='ocrx_word' id='word_1_3' title='bbox 725 323 1032 373; x_wconf 77' lang='lat' dir='ltr'>roroeaaanrcan.</span> 
     </span>
    </p>
   </div>
   <div class='ocr_carea' id='block_1_2' title="bbox 102 477 1286 4439">
    <p class='ocr_par' dir='ltr' id='par_1_2' title="bbox 102 477 1285 2229">
     <span class='ocr_line' id='line_1_2' title="bbox 102 477 1285 565; baseline -0.003 -18"><span class='ocrx_word' id='word_1_4' title='bbox 102 523 110 529; x_wconf 87' lang='lat'>-</span> <span class='ocrx_word' id='word_1_5' title='bbox 184 483 212 546; x_wconf 90' lang='lat' dir='ltr'>ei</span> <span class='ocrx_word' id='word_1_6' title='bbox 237 481 519 546; x_wconf 82' lang='lat' dir='ltr'>communicandus</span> <span class='ocrx_word' id='word_1_7' title='bbox 542 479 725 565; x_wconf 85' lang='lat' dir='ltr'>sepulturae</span> <span class='ocrx_word' id='word_1_8' title='bbox 748 478 836 544; x_wconf 91' lang='lat' dir='ltr'>locus</span> <span class='ocrx_word' id='word_1_9' title='bbox 859 482 953 543; x_wconf 87' lang='lat' dir='ltr'>esset.</span> <span class='ocrx_word' id='word_1_10' title='bbox 985 477 1075 555; x_wconf 77' lang='lat' dir='ltr'>Quod</span> <span class='ocrx_word' id='word_1_11' title='bbox 1091 500 1164 544; x_wconf 89' lang='lat' dir='ltr'>cum</span> <span class='ocrx_word' id='word_1_12' title='bbox 1185 478 1232 544; x_wconf 84' lang='lat' dir='ltr'>ita</span> <span class='ocrx_word' id='word_1_13' title='bbox 1252 500 1285 544; x_wconf 84' lang='lat' dir='ltr'>sa</span> 
     </span>
     <span class='ocr_line' id='line_1_3' title="bbox 183 588 1285 675; baseline -0.002 -18"><span class='ocrx_word' id='word_1_14' title='bbox 183 615 251 658; x_wconf 88' lang='lat' dir='ltr'>sese</span> <span class='ocrx_word' id='word_1_15' title='bbox 274 593 402 675; x_wconf 87' lang='lat' dir='ltr'>habeat,</span> <span class='ocrx_word' id='word_1_16' title='bbox 427 591 661 656; x_wconf 78' lang='lat' dir='ltr'>consectarium</span> <span class='ocrx_word' id='word_1_17' title='bbox 683 611 751 654; x_wconf 84' lang='lat' dir='ltr'>esse</span> <span class='ocrx_word' id='word_1_18' title='bbox 774 591 911 672; x_wconf 86' lang='lat' dir='ltr'>videtur,</span> <span class='ocrx_word' id='word_1_19' title='bbox 934 594 971 654; x_wconf 92' lang='lat' dir='ltr'>ut</span> <span class='ocrx_word' id='word_1_20' title='bbox 992 613 1107 674; x_wconf 84' lang='lat' dir='ltr'>pamm</span> <span class='ocrx_word' id='word_1_21' title='bbox 1131 588 1285 655; x_wconf 74' lang='lat' dir='ltr'>considera</span> 
     </span>
     <span class='ocr_line' id='line_1_4' title="bbox 183 701 1285 787; baseline -0.003 -19"><span class='ocrx_word' id='word_1_22' title='bbox 183 704 315 769; x_wconf 84' lang='lat' dir='ltr'>Metiam</span> <span class='ocrx_word' id='word_1_23' title='bbox 338 714 464 787; x_wconf 84' lang='lat' dir='ltr'>portam</span> <span class='ocrx_word' id='word_1_24' title='bbox 485 703 584 767; x_wconf 87' lang='lat' dir='ltr'>Pialis</span> <span class='ocrx_word' id='word_1_25' title='bbox 607 701 723 781; x_wconf 79' lang='lat' dir='ltr'>dixerit</span> <span class='ocrx_word' id='word_1_26' title='bbox 745 703 778 766; x_wconf 90' lang='lat' dir='ltr'>in</span> <span class='ocrx_word' id='word_1_27' title='bbox 802 725 872 766; x_wconf 89' lang='lat' dir='ltr'>eam</span> <span class='ocrx_word' id='word_1_28' title='bbox 895 703 1060 786; x_wconf 80' lang='lat' dir='ltr'>regionem</span> <span class='ocrx_word' id='word_1_29' title='bbox 1077 703 1204 785; x_wconf 78' lang='lat' dir='ltr'>(lucere,</span> <span class='ocrx_word' id='word_1_30' title='bbox 1227 724 1247 765; x_wconf 85' lang='lat' dir='ltr'>a</span> <span class='ocrx_word' id='word_1_31' title='bbox 1267 723 1285 786; x_wconf 92' lang='lat' dir='ltr'>q</span> 
     </span>
     <span class='ocr_line' id='line_1_5' title="bbox 183 811 1285 901; baseline -0.002 -22"><span class='ocrx_word' id='word_1_32' title='bbox 183 817 254 901; x_wconf 89' lang='lat' dir='ltr'>ipsa</span> <span class='ocrx_word' id='word_1_33' title='bbox 285 816 464 881; x_wconf 78' lang='lat' dir='ltr'>beatiorum</span> <span class='ocrx_word' id='word_1_34' title='bbox 497 814 625 898; x_wconf 85' lang='lat' dir='ltr'>quidem</span> <span class='ocrx_word' id='word_1_35' title='bbox 662 813 832 877; x_wconf 75' lang='lat' dir='ltr'>arcebatur</span> <span class='ocrx_word' id='word_1_36' title='bbox 872 813 1047 896; x_wconf 87' lang='lat' dir='ltr'>sepultura.</span> <span class='ocrx_word' id='word_1_37' title='bbox 1103 811 1187 889; x_wconf 76' lang='lat' dir='ltr'>Quid</span> <span class='ocrx_word' id='word_1_38' title='bbox 1222 816 1285 878; x_wconf 78' lang='lat' dir='ltr'>aut</span> 
     </span>
     <span class='ocr_line' id='line_1_6' title="bbox 184 922 1285 1014; baseline -0.004 -22"><span class='ocrx_word' id='word_1_39' title='bbox 184 927 309 1014; x_wconf 87' lang='lat' dir='ltr'>(audire</span> <span class='ocrx_word' id='word_1_40' title='bbox 338 927 423 990; x_wconf 88' lang='lat' dir='ltr'>enim</span> <span class='ocrx_word' id='word_1_41' title='bbox 451 926 656 990; x_wconf 81' lang='lat' dir='ltr'>adversantes</span> <span class='ocrx_word' id='word_1_42' title='bbox 685 925 823 1010; x_wconf 86' lang='lat' dir='ltr'>videor),</span> <span class='ocrx_word' id='word_1_43' title='bbox 853 924 880 987; x_wconf 91' lang='lat' dir='ltr'>si</span> <span class='ocrx_word' id='word_1_44' title='bbox 908 947 949 988; x_wconf 86' lang='lat' dir='ltr'>ne</span> <span class='ocrx_word' id='word_1_45' title='bbox 977 946 1089 989; x_wconf 87' lang='lat' dir='ltr'>verum</span> <span class='ocrx_word' id='word_1_46' title='bbox 1116 922 1246 1008; x_wconf 87' lang='lat' dir='ltr'>quidem</span> <span class='ocrx_word' id='word_1_47' title='bbox 1274 947 1285 988; x_wconf 84' lang='lat' dir='ltr'>s</span> 
     </span>
     <span class='ocr_line' id='line_1_7' title="bbox 184 1032 1285 1122; baseline -0.004 -20"><span class='ocrx_word' id='word_1_48' title='bbox 184 1038 259 1103; x_wconf 90' lang='lat' dir='ltr'>solis</span> <span class='ocrx_word' id='word_1_49' title='bbox 281 1037 475 1122; x_wconf 86' lang='lat' dir='ltr'>pauperibus</span> <span class='ocrx_word' id='word_1_50' title='bbox 496 1035 596 1106; x_wconf 83' lang='lat' dir='ltr'>fuisse</span> <span class='ocrx_word' id='word_1_51' title='bbox 612 1034 816 1120; x_wconf 85' lang='lat' dir='ltr'>Esquilinum</span> <span class='ocrx_word' id='word_1_52' title='bbox 833 1057 982 1119; x_wconf 86' lang='lat' dir='ltr'>campum</span> <span class='ocrx_word' id='word_1_53' title='bbox 997 1035 1218 1099; x_wconf 79' lang='lat' dir='ltr'>destinatum?</span> <span class='ocrx_word' id='word_1_54' title='bbox 1240 1032 1285 1110; x_wconf 83' lang='lat' dir='ltr'>Qu</span> 
     </span>
     <span class='ocr_line' id='line_1_8' title="bbox 185 1145 1285 1234; baseline -0.005 -21"><span class='ocrx_word' id='word_1_55' title='bbox 185 1171 244 1234; x_wconf 84' lang='lat' dir='ltr'>ego</span> <span class='ocrx_word' id='word_1_56' title='bbox 267 1149 394 1232; x_wconf 84' lang='lat' dir='ltr'>quidem</span> <span class='ocrx_word' id='word_1_57' title='bbox 417 1147 572 1211; x_wconf 87' lang='lat' dir='ltr'>suaserim</span> <span class='ocrx_word' id='word_1_58' title='bbox 595 1148 632 1209; x_wconf 84' lang='lat' dir='ltr'>ut</span> <span class='ocrx_word' id='word_1_59' title='bbox 653 1147 699 1210; x_wconf 87' lang='lat' dir='ltr'>sic</span> <span class='ocrx_word' id='word_1_60' title='bbox 721 1146 837 1210; x_wconf 86' lang='lat' dir='ltr'>saltem</span> <span class='ocrx_word' id='word_1_61' title='bbox 859 1146 999 1211; x_wconf 76' lang='lat' dir='ltr'>dicatur:</span> <span class='ocrx_word' id='word_1_62' title='bbox 1036 1169 1103 1212; x_wconf 89' lang='lat' dir='ltr'>non</span> <span class='ocrx_word' id='word_1_63' title='bbox 1125 1145 1196 1210; x_wconf 88' lang='lat' dir='ltr'>sine</span> <span class='ocrx_word' id='word_1_64' title='bbox 1217 1167 1285 1210; x_wconf 68' lang='lat' dir='ltr'>exce</span> 
     </span>
     <span class='ocr_line' id='line_1_9' title="bbox 184 1254 1285 1324; baseline -0.005 -1"><span class='ocrx_word' id='word_1_65' title='bbox 184 1260 272 1324; x_wconf 89' lang='lat' dir='ltr'>tione</span> <span class='ocrx_word' id='word_1_66' title='bbox 295 1281 404 1322; x_wconf 91' lang='lat' dir='ltr'>verum</span> <span class='ocrx_word' id='word_1_67' title='bbox 427 1280 506 1322; x_wconf 89' lang='lat' dir='ltr'>esse.</span> <span class='ocrx_word' id='word_1_68' title='bbox 548 1257 633 1321; x_wconf 91' lang='lat' dir='ltr'>Nam</span> <span class='ocrx_word' id='word_1_69' title='bbox 655 1260 688 1321; x_wconf 90' lang='lat' dir='ltr'>et</span> <span class='ocrx_word' id='word_1_70' title='bbox 710 1256 788 1321; x_wconf 92' lang='lat' dir='ltr'>alios</span> <span class='ocrx_word' id='word_1_71' title='bbox 812 1257 974 1322; x_wconf 86' lang='lat' dir='ltr'>dubitasse</span> <span class='ocrx_word' id='word_1_72' title='bbox 998 1279 1075 1322; x_wconf 88' lang='lat' dir='ltr'>sane</span> <span class='ocrx_word' id='word_1_73' title='bbox 1098 1255 1165 1322; x_wconf 88' lang='lat' dir='ltr'>scio</span> <span class='ocrx_word' id='word_1_74' title='bbox 1187 1259 1220 1321; x_wconf 91' lang='lat' dir='ltr'>et</span> <span class='ocrx_word' id='word_1_75' title='bbox 1242 1254 1285 1322; x_wconf 67' lang='lat' dir='ltr'>ci«</span> 
     </span>
     <span class='ocr_line' id='line_1_10' title="bbox 184 1366 1285 1453; baseline -0.004 -19"><span class='ocrx_word' id='word_1_76' title='bbox 184 1371 271 1435; x_wconf 92' lang='lat' dir='ltr'>ronis</span> <span class='ocrx_word' id='word_1_77' title='bbox 289 1370 511 1433; x_wconf 91' lang='lat' dir='ltr'>testimonium</span> <span class='ocrx_word' id='word_1_78' title='bbox 529 1369 619 1433; x_wconf 88' lang='lat' dir='ltr'>video</span> <span class='ocrx_word' id='word_1_79' title='bbox 635 1369 670 1432; x_wconf 94' lang='lat' dir='ltr'>in</span> <span class='ocrx_word' id='word_1_80' title='bbox 684 1367 830 1433; x_wconf 81' lang='lat' dir='ltr'>Oreuzeri</span> <span class='ocrx_word' id='word_1_81' title='bbox 849 1367 961 1453; x_wconf 83' lang='lat' dir='ltr'>Antiq.</span> <span class='ocrx_word' id='word_1_82' title='bbox 978 1367 1072 1432; x_wconf 86' lang='lat' dir='ltr'>Rom.</span> <span class='ocrx_word' id='word_1_83' title='bbox 1089 1390 1121 1452; x_wconf 87' lang='lat' dir='ltr'>p.</span> <span class='ocrx_word' id='word_1_84' title='bbox 1135 1367 1197 1432; x_wconf 75' lang='lat'>457</span> <span class='ocrx_word' id='word_1_85' title='bbox 1210 1366 1285 1431; x_wconf 60' lang='lat' dir='ltr'>eda</span> 
     </span>
     <span class='ocr_line' id='line_1_11' title="bbox 184 1477 1285 1565; baseline -0.005 -19"><span class='ocrx_word' id='word_1_86' title='bbox 184 1481 478 1565; x_wconf 88' lang='lat' dir='ltr'>ePhilippicarum</span> <span class='ocrx_word' id='word_1_87' title='bbox 500 1479 557 1563; x_wconf 84' lang='lat' dir='ltr'>lx,</span> <span class='ocrx_word' id='word_1_88' title='bbox 583 1481 612 1563; x_wconf 82' lang='lat' dir='ltr'>l,</span> <span class='ocrx_word' id='word_1_89' title='bbox 640 1481 677 1542; x_wconf 78' lang='lat'>17</span> <span class='ocrx_word' id='word_1_90' title='bbox 706 1477 886 1544; x_wconf 90' lang='lat' dir='ltr'>aBaehrio</span> <span class='ocrx_word' id='word_1_91' title='bbox 920 1478 1070 1560; x_wconf 83' lang='lat' dir='ltr'>allatum,</span> <span class='ocrx_word' id='word_1_92' title='bbox 1103 1501 1166 1563; x_wconf 91' lang='lat' dir='ltr'>quo</span> <span class='ocrx_word' id='word_1_93' title='bbox 1199 1477 1285 1543; x_wconf 83' lang='lat' dir='ltr'>hono:</span> 
     </span>
     <span class='ocr_line' id='line_1_12' title="bbox 184 1589 1285 1675; baseline -0.003 -19"><span class='ocrx_word' id='word_1_94' title='bbox 184 1614 296 1656; x_wconf 87' lang='lat' dir='ltr'>caussa</span> <span class='ocrx_word' id='word_1_95' title='bbox 318 1590 460 1675; x_wconf 88' lang='lat' dir='ltr'>potuisse</span> <span class='ocrx_word' id='word_1_96' title='bbox 490 1592 525 1654; x_wconf 91' lang='lat' dir='ltr'>in</span> <span class='ocrx_word' id='word_1_97' title='bbox 548 1612 661 1675; x_wconf 89' lang='lat' dir='ltr'>campo</span> <span class='ocrx_word' id='word_1_98' title='bbox 688 1590 856 1675; x_wconf 79' lang='lat' dir='ltr'>Esquilino</span> <span class='ocrx_word' id='word_1_99' title='bbox 878 1589 1060 1675; x_wconf 87' lang='lat' dir='ltr'>sepulcrum</span> <span class='ocrx_word' id='word_1_100' title='bbox 1083 1589 1213 1654; x_wconf 87' lang='lat' dir='ltr'>decerni</span> <span class='ocrx_word' id='word_1_101' title='bbox 1235 1589 1285 1654; x_wconf 92' lang='lat' dir='ltr'>int</span> 
     </span>
     <span class='ocr_line' id='line_1_13' title="bbox 182 1698 1285 1788; baseline -0.002 -23"><span class='ocrx_word' id='word_1_102' title='bbox 182 1704 311 1788; x_wconf 84' lang='lat' dir='ltr'>legitur.</span> <span class='ocrx_word' id='word_1_103' title='bbox 343 1701 415 1766; x_wconf 88' lang='lat' dir='ltr'>Hoc</span> <span class='ocrx_word' id='word_1_104' title='bbox 437 1701 538 1786; x_wconf 86' lang='lat' dir='ltr'>igitur</span> <span class='ocrx_word' id='word_1_105' title='bbox 558 1706 596 1766; x_wconf 88' lang='lat' dir='ltr'>ut</span> <span class='ocrx_word' id='word_1_106' title='bbox 617 1702 663 1765; x_wconf 88' lang='lat' dir='ltr'>ita</span> <span class='ocrx_word' id='word_1_107' title='bbox 679 1701 736 1765; x_wconf 89' lang='lat' dir='ltr'>sit:</span> <span class='ocrx_word' id='word_1_108' title='bbox 760 1723 836 1786; x_wconf 81' lang='lat' dir='ltr'>ergo</span> <span class='ocrx_word' id='word_1_109' title='bbox 860 1701 1039 1786; x_wconf 85' lang='lat' dir='ltr'>generatim</span> <span class='ocrx_word' id='word_1_110' title='bbox 1062 1700 1206 1785; x_wconf 87' lang='lat' dir='ltr'>loquenti</span> <span class='ocrx_word' id='word_1_111' title='bbox 1227 1698 1285 1763; x_wconf 86' lang='lat' dir='ltr'>nih</span> 
     </span>
     <span class='ocr_line' id='line_1_14' title="bbox 183 1810 1283 1897; baseline -0.003 -21"><span class='ocrx_word' id='word_1_112' title='bbox 183 1813 289 1877; x_wconf 88' lang='lat' dir='ltr'>minus</span> <span class='ocrx_word' id='word_1_113' title='bbox 310 1816 422 1878; x_wconf 88' lang='lat' dir='ltr'>tenere</span> <span class='ocrx_word' id='word_1_114' title='bbox 444 1812 571 1895; x_wconf 83' lang='lat' dir='ltr'>licebit,</span> <span class='ocrx_word' id='word_1_115' title='bbox 600 1813 683 1897; x_wconf 90' lang='lat' dir='ltr'>quod</span> <span class='ocrx_word' id='word_1_116' title='bbox 711 1811 898 1876; x_wconf 89' lang='lat' dir='ltr'>Horatianis</span> <span class='ocrx_word' id='word_1_117' title='bbox 921 1812 1124 1896; x_wconf 89' lang='lat' dir='ltr'>potissimum</span> <span class='ocrx_word' id='word_1_118' title='bbox 1147 1810 1283 1875; x_wconf 80' lang='lat' dir='ltr'>schelius</span> 
     </span>
     <span class='ocr_line' id='line_1_15' title="bbox 184 1920 1285 2007; baseline -0.002 -20"><span class='ocrx_word' id='word_1_119' title='bbox 184 1923 368 1988; x_wconf 89' lang='lat' dir='ltr'>suasoribus</span> <span class='ocrx_word' id='word_1_120' title='bbox 398 1923 554 1987; x_wconf 87' lang='lat' dir='ltr'>creditum</span> <span class='ocrx_word' id='word_1_121' title='bbox 582 1924 646 2005; x_wconf 86' lang='lat' dir='ltr'>est,</span> <span class='ocrx_word' id='word_1_122' title='bbox 684 1923 855 2007; x_wconf 85' lang='lat' dir='ltr'>praecipue</span> <span class='ocrx_word' id='word_1_123' title='bbox 884 1944 1040 2007; x_wconf 86' lang='lat' dir='ltr'>pauperes</span> <span class='ocrx_word' id='word_1_124' title='bbox 1067 1922 1123 1986; x_wconf 90' lang='lat' dir='ltr'>illo</span> <span class='ocrx_word' id='word_1_125' title='bbox 1145 1920 1285 2005; x_wconf 85' lang='lat' dir='ltr'>sepultur</span> 
     </span>
     <span class='ocr_line' id='line_1_16' title="bbox 183 2031 1285 2118; baseline -0.003 -21"><span class='ocrx_word' id='word_1_126' title='bbox 183 2035 252 2098; x_wconf 89' lang='lat' dir='ltr'>loco</span> <span class='ocrx_word' id='word_1_127' title='bbox 283 2057 356 2099; x_wconf 90' lang='lat' dir='ltr'>usos</span> <span class='ocrx_word' id='word_1_128' title='bbox 386 2056 464 2098; x_wconf 87' lang='lat' dir='ltr'>esse.</span> <span class='ocrx_word' id='word_1_129' title='bbox 509 2033 665 2098; x_wconf 87' lang='lat' dir='ltr'>Volumus</span> <span class='ocrx_word' id='word_1_130' title='bbox 694 2036 801 2098; x_wconf 88' lang='lat' dir='ltr'>antem</span> <span class='ocrx_word' id='word_1_131' title='bbox 830 2034 1011 2118; x_wconf 89' lang='lat' dir='ltr'>(possumus</span> <span class='ocrx_word' id='word_1_132' title='bbox 1035 2032 1135 2117; x_wconf 88' lang='lat' dir='ltr'>enirn)</span> <span class='ocrx_word' id='word_1_133' title='bbox 1165 2031 1285 2096; x_wconf 86' lang='lat' dir='ltr'>liberali</span> 
     </span>
     <span class='ocr_line' id='line_1_17' title="bbox 183 2143 1285 2229; baseline -0.004 -21"><span class='ocrx_word' id='word_1_134' title='bbox 183 2145 281 2209; x_wconf 88' lang='lat' dir='ltr'>etiam</span> <span class='ocrx_word' id='word_1_135' title='bbox 310 2166 406 2229; x_wconf 86' lang='lat' dir='ltr'>agere</span> <span class='ocrx_word' id='word_1_136' title='bbox 435 2168 506 2208; x_wconf 88' lang='lat' dir='ltr'>cum</span> <span class='ocrx_word' id='word_1_137' title='bbox 534 2144 723 2208; x_wconf 79' lang='lat' dir='ltr'>adversariis</span> <span class='ocrx_word' id='word_1_138' title='bbox 746 2148 841 2228; x_wconf 88' lang='lat' dir='ltr'>atque</span> <span class='ocrx_word' id='word_1_139' title='bbox 868 2144 940 2229; x_wconf 87' lang='lat' dir='ltr'>plns</span> <span class='ocrx_word' id='word_1_140' title='bbox 962 2143 1077 2228; x_wconf 83' lang='lat' dir='ltr'>largiri</span> <span class='ocrx_word' id='word_1_141' title='bbox 1098 2165 1196 2226; x_wconf 88' lang='lat' dir='ltr'>quarn</span> <span class='ocrx_word' id='word_1_142' title='bbox 1218 2163 1285 2206; x_wconf 83' lang='lat' dir='ltr'>conr</span> 
     </span>
    </p>

    <p class='ocr_par' dir='ltr' id='par_1_3' title="bbox 128 2251 1286 4439">
     <span class='ocr_line' id='line_1_18' title="bbox 128 2251 1285 2339; baseline -0.001 -22"><span class='ocrx_word' id='word_1_143' title='bbox 128 2273 165 2321; x_wconf 79' lang='lat' dir='ltr'>ul</span> <span class='ocrx_word' id='word_1_144' title='bbox 184 2256 298 2318; x_wconf 66' lang='lat' dir='ltr'>alimus.</span> <span class='ocrx_word' id='word_1_145' title='bbox 345 2253 394 2319; x_wconf 82' lang='lat' dir='ltr'>Sit</span> <span class='ocrx_word' id='word_1_146' title='bbox 421 2254 483 2337; x_wconf 80' lang='lat' dir='ltr'>ita,</span> <span class='ocrx_word' id='word_1_147' title='bbox 514 2258 549 2318; x_wconf 93' lang='lat' dir='ltr'>ut</span> <span class='ocrx_word' id='word_1_148' title='bbox 571 2255 700 2338; x_wconf 84' lang='lat' dir='ltr'>quidam</span> <span class='ocrx_word' id='word_1_149' title='bbox 722 2255 877 2339; x_wconf 86' lang='lat' dir='ltr'>suspicati</span> <span class='ocrx_word' id='word_1_150' title='bbox 900 2259 991 2319; x_wconf 84' lang='lat' dir='ltr'>sunt:</span> <span class='ocrx_word' id='word_1_151' title='bbox 1019 2254 1119 2319; x_wconf 84' lang='lat' dir='ltr'>fuerit</span> <span class='ocrx_word' id='word_1_152' title='bbox 1140 2251 1285 2337; x_wconf 86' lang='lat' dir='ltr'>Esquilin</span> 
     </span>
     <span class='ocr_line' id='line_1_19' title="bbox 185 2364 1285 2450; baseline 0 -22"><span class='ocrx_word' id='word_1_153' title='bbox 185 2387 316 2448; x_wconf 84' lang='lat' dir='ltr'>campus</span> <span class='ocrx_word' id='word_1_154' title='bbox 339 2379 516 2449; x_wconf 84' lang='lat' dir='ltr'>pauperum</span> <span class='ocrx_word' id='word_1_155' title='bbox 538 2367 571 2429; x_wconf 86' lang='lat' dir='ltr'>ot</span> <span class='ocrx_word' id='word_1_156' title='bbox 592 2365 799 2450; x_wconf 87' lang='lat' dir='ltr'>loeupletimn</span> <span class='ocrx_word' id='word_1_157' title='bbox 823 2366 1014 2431; x_wconf 90' lang='lat' dir='ltr'>communis:</span> <span class='ocrx_word' id='word_1_158' title='bbox 1051 2366 1181 2429; x_wconf 85' lang='lat' dir='ltr'>tantum</span> <span class='ocrx_word' id='word_1_159' title='bbox 1204 2364 1285 2428; x_wconf 77' lang='lat' dir='ltr'>dabir</span> 
     </span>
     <span class='ocr_line' id='line_1_20' title="bbox 182 2475 1285 2560; baseline -0.002 -21"><span class='ocrx_word' id='word_1_160' title='bbox 182 2475 269 2539; x_wconf 89' lang='lat' dir='ltr'>tione</span> <span class='ocrx_word' id='word_1_161' title='bbox 292 2497 420 2559; x_wconf 89' lang='lat' dir='ltr'>prorsus</span> <span class='ocrx_word' id='word_1_162' title='bbox 446 2479 552 2559; x_wconf 84' lang='lat' dir='ltr'>vacat,</span> <span class='ocrx_word' id='word_1_163' title='bbox 588 2498 654 2539; x_wconf 93' lang='lat' dir='ltr'>non</span> <span class='ocrx_word' id='word_1_164' title='bbox 682 2477 785 2540; x_wconf 88' lang='lat' dir='ltr'>solum</span> <span class='ocrx_word' id='word_1_165' title='bbox 813 2477 929 2560; x_wconf 78' lang='lat' dir='ltr'>fuisse,</span> <span class='ocrx_word' id='word_1_166' title='bbox 965 2499 1027 2560; x_wconf 93' lang='lat' dir='ltr'>quo</span> <span class='ocrx_word' id='word_1_167' title='bbox 1057 2475 1172 2540; x_wconf 82' lang='lat' dir='ltr'>divites</span> <span class='ocrx_word' id='word_1_168' title='bbox 1201 2476 1285 2560; x_wconf 75' lang='lat' dir='ltr'>quida</span> 
     </span>
     <span class='ocr_line' id='line_1_21' title="bbox 182 2587 1285 2672; baseline 0 -23"><span class='ocrx_word' id='word_1_169' title='bbox 182 2589 365 2671; x_wconf 89' lang='lat' dir='ltr'>uterentur,</span> <span class='ocrx_word' id='word_1_170' title='bbox 395 2587 572 2672; x_wconf 90' lang='lat' dir='ltr'>sepeliendi</span> <span class='ocrx_word' id='word_1_171' title='bbox 599 2587 715 2651; x_wconf 88' lang='lat' dir='ltr'>locum.</span> <span class='ocrx_word' id='word_1_172' title='bbox 761 2587 846 2663; x_wconf 81' lang='lat' dir='ltr'>Quos</span> <span class='ocrx_word' id='word_1_173' title='bbox 875 2588 946 2672; x_wconf 89' lang='lat' dir='ltr'>quis</span> <span class='ocrx_word' id='word_1_174' title='bbox 975 2588 1106 2672; x_wconf 81' lang='lat' dir='ltr'>ignorat</span> <span class='ocrx_word' id='word_1_175' title='bbox 1134 2590 1225 2651; x_wconf 82' lang='lat' dir='ltr'>extra</span> <span class='ocrx_word' id='word_1_176' title='bbox 1247 2587 1285 2650; x_wconf 81' lang='lat' dir='ltr'>ali</span> 
     </span>
     <span class='ocr_line' id='line_1_22' title="bbox 183 2698 1285 2782; baseline 0.001 -23"><span class='ocrx_word' id='word_1_177' title='bbox 183 2701 291 2780; x_wconf 85' lang='lat' dir='ltr'>portas</span> <span class='ocrx_word' id='word_1_178' title='bbox 319 2722 384 2763; x_wconf 93' lang='lat' dir='ltr'>non</span> <span class='ocrx_word' id='word_1_179' title='bbox 414 2720 533 2782; x_wconf 88' lang='lat' dir='ltr'>paucas</span> <span class='ocrx_word' id='word_1_180' title='bbox 564 2721 635 2762; x_wconf 88' lang='lat' dir='ltr'>cunr</span> <span class='ocrx_word' id='word_1_181' title='bbox 665 2698 741 2761; x_wconf 89' lang='lat' dir='ltr'>alibi</span> <span class='ocrx_word' id='word_1_182' title='bbox 769 2702 838 2762; x_wconf 88' lang='lat' dir='ltr'>tum</span> <span class='ocrx_word' id='word_1_183' title='bbox 865 2701 901 2762; x_wconf 87' lang='lat' dir='ltr'>in</span> <span class='ocrx_word' id='word_1_184' title='bbox 930 2699 990 2762; x_wconf 87' lang='lat' dir='ltr'>viis</span> <span class='ocrx_word' id='word_1_185' title='bbox 1014 2698 1152 2782; x_wconf 87' lang='lat' dir='ltr'>publicis</span> <span class='ocrx_word' id='word_1_186' title='bbox 1175 2719 1231 2761; x_wconf 91' lang='lat' dir='ltr'>suo</span> <span class='ocrx_word' id='word_1_187' title='bbox 1253 2719 1285 2760; x_wconf 80' lang='lat' dir='ltr'>ae·</span> 
     </span>
     <span class='ocr_line' id='line_1_23' title="bbox 183 2808 1271 2892; baseline 0.003 -23"><span class='ocrx_word' id='word_1_188' title='bbox 183 2812 361 2872; x_wconf 83' lang='lat' dir='ltr'>exstructos</span> <span class='ocrx_word' id='word_1_189' title='bbox 393 2810 533 2872; x_wconf 88' lang='lat' dir='ltr'>tumulos</span> <span class='ocrx_word' id='word_1_190' title='bbox 561 2812 594 2872; x_wconf 86' lang='lat' dir='ltr'>ct</span> <span class='ocrx_word' id='word_1_191' title='bbox 621 2813 828 2873; x_wconf 88' lang='lat' dir='ltr'>monumenta</span> <span class='ocrx_word' id='word_1_192' title='bbox 857 2808 1031 2873; x_wconf 84' lang='lat' dir='ltr'>habuisse?</span> <span class='ocrx_word' id='word_1_193' title='bbox 1082 2809 1142 2872; x_wconf 91' lang='lat' dir='ltr'>llis</span> <span class='ocrx_word' id='word_1_194' title='bbox 1171 2809 1271 2892; x_wconf 78' lang='lat' dir='ltr'>igitur</span> 
     </span>
     <span class='ocr_line' id='line_1_24' title="bbox 181 2918 1285 3003; baseline 0.002 -23"><span class='ocrx_word' id='word_1_195' title='bbox 181 2921 274 3001; x_wconf 88' lang='lat' dir='ltr'>porta</span> <span class='ocrx_word' id='word_1_196' title='bbox 303 2918 403 2982; x_wconf 84' lang='lat' dir='ltr'>bletia</span> <span class='ocrx_word' id='word_1_197' title='bbox 436 2941 503 2982; x_wconf 92' lang='lat' dir='ltr'>non</span> <span class='ocrx_word' id='word_1_198' title='bbox 537 2924 665 3003; x_wconf 85' lang='lat' dir='ltr'>praeter</span> <span class='ocrx_word' id='word_1_199' title='bbox 693 2920 771 2982; x_wconf 69' lang='lat' dir='ltr'>alitis</span> <span class='ocrx_word' id='word_1_200' title='bbox 800 2920 837 2982; x_wconf 85' lang='lat' dir='ltr'>dc</span> <span class='ocrx_word' id='word_1_201' title='bbox 867 2924 954 2984; x_wconf 85' lang='lat' dir='ltr'>certa</span> <span class='ocrx_word' id='word_1_202' title='bbox 986 2918 1233 3001; x_wconf 82' lang='lat' dir='ltr'>consuetudine,</span> <span class='ocrx_word' id='word_1_203' title='bbox 1271 2942 1285 2982; x_wconf 91' lang='lat' dir='ltr'>s</span> 
     </span>
     <span class='ocr_line' id='line_1_25' title="bbox 182 3029 1286 3113; baseline 0.001 -22"><span class='ocrx_word' id='word_1_204' title='bbox 182 3032 309 3091; x_wconf 83' lang='lat' dir='ltr'>tanturn</span> <span class='ocrx_word' id='word_1_205' title='bbox 333 3029 418 3092; x_wconf 89' lang='lat' dir='ltr'>inter</span> <span class='ocrx_word' id='word_1_206' title='bbox 440 3029 520 3092; x_wconf 70' lang='lat' dir='ltr'>aelios</span> <span class='ocrx_word' id='word_1_207' title='bbox 543 3031 663 3113; x_wconf 75' lang='lat' dir='ltr'>patant,</span> <span class='ocrx_word' id='word_1_208' title='bbox 688 3030 754 3094; x_wconf 85' lang='lat' dir='ltr'>sive</span> <span class='ocrx_word' id='word_1_209' title='bbox 777 3054 814 3093; x_wconf 88' lang='lat' dir='ltr'>ca</span> <span class='ocrx_word' id='word_1_210' title='bbox 837 3031 943 3095; x_wconf 89' lang='lat' dir='ltr'>vicina</span> <span class='ocrx_word' id='word_1_211' title='bbox 966 3029 1154 3113; x_wconf 85' lang='lat' dir='ltr'>Esquilinae</span> <span class='ocrx_word' id='word_1_212' title='bbox 1177 3029 1240 3092; x_wconf 90' lang='lat' dir='ltr'>fuit</span> <span class='ocrx_word' id='word_1_213' title='bbox 1261 3029 1286 3092; x_wconf 91' lang='lat' dir='ltr'>si</span> 
     </span>
     <span class='ocr_line' id='line_1_26' title="bbox 182 3134 1285 3226; baseline 0.001 -25"><span class='ocrx_word' id='word_1_214' title='bbox 182 3138 223 3202; x_wconf 90' lang='lat' dir='ltr'>ab</span> <span class='ocrx_word' id='word_1_215' title='bbox 251 3137 313 3203; x_wconf 87' lang='lat' dir='ltr'>hac</span> <span class='ocrx_word' id='word_1_216' title='bbox 340 3161 381 3202; x_wconf 91' lang='lat' dir='ltr'>ne</span> <span class='ocrx_word' id='word_1_217' title='bbox 410 3134 534 3203; x_wconf 83' lang='lat' dir='ltr'>diversa</span> <span class='ocrx_word' id='word_1_218' title='bbox 561 3140 689 3223; x_wconf 80' lang='lat' dir='ltr'>quidem</span> <span class='ocrx_word' id='word_1_219' title='bbox 718 3141 784 3204; x_wconf 88' lang='lat' dir='ltr'>sive</span> <span class='ocrx_word' id='word_1_220' title='bbox 814 3141 1000 3226; x_wconf 82' lang='lat' dir='ltr'>longissime</span> <span class='ocrx_word' id='word_1_221' title='bbox 1033 3141 1176 3222; x_wconf 74' lang='lat' dir='ltr'>(listram,</span> <span class='ocrx_word' id='word_1_222' title='bbox 1210 3139 1285 3223; x_wconf 90' lang='lat' dir='ltr'>quid</span> 
     </span>
     <span class='ocr_line' id='line_1_27' title="bbox 182 3248 1285 3335; baseline 0.002 -24"><span class='ocrx_word' id='word_1_223' title='bbox 182 3248 298 3312; x_wconf 87' lang='lat' dir='ltr'>Plauto</span> <span class='ocrx_word' id='word_1_224' title='bbox 333 3249 457 3312; x_wconf 90' lang='lat' dir='ltr'>institui</span> <span class='ocrx_word' id='word_1_225' title='bbox 489 3250 630 3333; x_wconf 86' lang='lat' dir='ltr'>ineptius</span> <span class='ocrx_word' id='word_1_226' title='bbox 662 3251 768 3335; x_wconf 85' lang='lat' dir='ltr'>potuit</span> <span class='ocrx_word' id='word_1_227' title='bbox 796 3274 892 3335; x_wconf 90' lang='lat' dir='ltr'>quam</span> <span class='ocrx_word' id='word_1_228' title='bbox 920 3253 1050 3315; x_wconf 91' lang='lat' dir='ltr'>omnino</span> <span class='ocrx_word' id='word_1_229' title='bbox 1079 3272 1177 3316; x_wconf 89' lang='lat' dir='ltr'>unam</span> <span class='ocrx_word' id='word_1_230' title='bbox 1207 3255 1285 3314; x_wconf 71' lang='lat' dir='ltr'>certa</span> 
     </span>
     <span class='ocr_line' id='line_1_28' title="bbox 182 3361 1285 3446; baseline 0.003 -25"><span class='ocrx_word' id='word_1_231' title='bbox 182 3362 309 3442; x_wconf 84' lang='lat' dir='ltr'>portam</span> <span class='ocrx_word' id='word_1_232' title='bbox 333 3361 573 3424; x_wconf 87' lang='lat' dir='ltr'>commemorari</span> <span class='ocrx_word' id='word_1_233' title='bbox 600 3362 832 3446; x_wconf 82' lang='lat' dir='ltr'>significandae</span> <span class='ocrx_word' id='word_1_234' title='bbox 861 3362 972 3426; x_wconf 89' lang='lat' dir='ltr'>mortis</span> <span class='ocrx_word' id='word_1_235' title='bbox 995 3384 1124 3444; x_wconf 79' lang='lat' dir='ltr'>caussa,</span> <span class='ocrx_word' id='word_1_236' title='bbox 1149 3383 1208 3425; x_wconf 90' lang='lat' dir='ltr'>nec</span> <span class='ocrx_word' id='word_1_237' title='bbox 1233 3383 1285 3445; x_wconf 83' lang='lat' dir='ltr'>ger</span> 
     </span>
     <span class='ocr_line' id='line_1_29' title="bbox 182 3469 1285 3556; baseline 0.004 -24"><span class='ocrx_word' id='word_1_238' title='bbox 182 3469 278 3533; x_wconf 88' lang='lat' dir='ltr'>ratim</span> <span class='ocrx_word' id='word_1_239' title='bbox 301 3481 393 3534; x_wconf 76' lang='lat' dir='ltr'>estro</span> <span class='ocrx_word' id='word_1_240' title='bbox 410 3485 534 3550; x_wconf 75' lang='lat' dir='ltr'>porram</span> <span class='ocrx_word' id='word_1_241' title='bbox 558 3472 644 3536; x_wconf 74' lang='lat' dir='ltr'>clici?</span> <span class='ocrx_word' id='word_1_242' title='bbox 688 3472 800 3556; x_wconf 85' lang='lat' dir='ltr'>Itaque</span> <span class='ocrx_word' id='word_1_243' title='bbox 830 3496 901 3537; x_wconf 91' lang='lat' dir='ltr'>cum</span> <span class='ocrx_word' id='word_1_244' title='bbox 929 3495 989 3538; x_wconf 87' lang='lat' dir='ltr'>nec</span> <span class='ocrx_word' id='word_1_245' title='bbox 1017 3473 1044 3536; x_wconf 91' lang='lat' dir='ltr'>si</span> <span class='ocrx_word' id='word_1_246' title='bbox 1067 3472 1155 3536; x_wconf 78' lang='lat' dir='ltr'>clivos</span> <span class='ocrx_word' id='word_1_247' title='bbox 1179 3494 1239 3536; x_wconf 86' lang='lat' dir='ltr'>nec</span> <span class='ocrx_word' id='word_1_248' title='bbox 1264 3472 1285 3535; x_wconf 87' lang='lat' dir='ltr'>si</span> 
     </span>
     <span class='ocr_line' id='line_1_30' title="bbox 182 3576 1285 3667; baseline 0.005 -25"><span class='ocrx_word' id='word_1_249' title='bbox 182 3576 570 3664; x_wconf 80' lang='lat' dir='ltr'>pauperibus&#39;Cleostrata</span> <span class='ocrx_word' id='word_1_250' title='bbox 592 3584 701 3665; x_wconf 81' lang='lat' dir='ltr'>fucrit,</span> <span class='ocrx_word' id='word_1_251' title='bbox 725 3584 853 3647; x_wconf 83' lang='lat' dir='ltr'>defendi</span> <span class='ocrx_word' id='word_1_252' title='bbox 875 3583 992 3647; x_wconf 84' lang='lat' dir='ltr'>Metiae</span> <span class='ocrx_word' id='word_1_253' title='bbox 1014 3588 1128 3667; x_wconf 88' lang='lat' dir='ltr'>portae</span> <span class='ocrx_word' id='word_1_254' title='bbox 1151 3583 1187 3646; x_wconf 94' lang='lat' dir='ltr'>in</span> <span class='ocrx_word' id='word_1_255' title='bbox 1210 3582 1285 3649; x_wconf 83' lang='lat' dir='ltr'>Casi</span> 
     </span>
     <span class='ocr_line' id='line_1_31' title="bbox 181 3692 1285 3778; baseline 0.005 -25"><span class='ocrx_word' id='word_1_256' title='bbox 181 3692 302 3755; x_wconf 89' lang='lat' dir='ltr'>mentio</span> <span class='ocrx_word' id='word_1_257' title='bbox 325 3696 437 3776; x_wconf 86' lang='lat' dir='ltr'>queat,</span> <span class='ocrx_word' id='word_1_258' title='bbox 463 3715 526 3756; x_wconf 94' lang='lat' dir='ltr'>non</span> <span class='ocrx_word' id='word_1_259' title='bbox 550 3693 654 3778; x_wconf 81' lang='lat' dir='ltr'>magis</span> <span class='ocrx_word' id='word_1_260' title='bbox 677 3694 737 3758; x_wconf 83' lang='lat' dir='ltr'>hoc-</span> <span class='ocrx_word' id='word_1_261' title='bbox 760 3717 798 3757; x_wconf 81' lang='lat' dir='ltr'>ca</span> <span class='ocrx_word' id='word_1_262' title='bbox 821 3694 872 3757; x_wconf 87' lang='lat' dir='ltr'>via</span> <span class='ocrx_word' id='word_1_263' title='bbox 895 3694 1014 3757; x_wconf 84' lang='lat' dir='ltr'>efficies</span> <span class='ocrx_word' id='word_1_264' title='bbox 1037 3715 1134 3776; x_wconf 86' lang='lat' dir='ltr'>qnam</span> <span class='ocrx_word' id='word_1_265' title='bbox 1157 3693 1235 3757; x_wconf 88' lang='lat' dir='ltr'>iniit</span> <span class='ocrx_word' id='word_1_266' title='bbox 1258 3695 1285 3758; x_wconf 86' lang='lat' dir='ltr'>L</span> 
     </span>
     <span class='ocr_line' id='line_1_32' title="bbox 181 3800 1253 3888; baseline 0.004 -24"><span class='ocrx_word' id='word_1_267' title='bbox 181 3802 256 3865; x_wconf 87' lang='lat' dir='ltr'>sius.</span> <span class='ocrx_word' id='word_1_268' title='bbox 302 3802 334 3866; x_wconf 89' lang='lat' dir='ltr'>Is</span> <span class='ocrx_word' id='word_1_269' title='bbox 367 3800 453 3866; x_wconf 87' lang='lat' dir='ltr'>enim</span> <span class='ocrx_word' id='word_1_270' title='bbox 485 3826 550 3867; x_wconf 91' lang='lat' dir='ltr'>non</span> <span class='ocrx_word' id='word_1_271' title='bbox 583 3804 781 3888; x_wconf 86' lang='lat' dir='ltr'>sepulturam</span> <span class='ocrx_word' id='word_1_272' title='bbox 813 3807 941 3868; x_wconf 88' lang='lat' dir='ltr'>tantum</span> <span class='ocrx_word' id='word_1_273' title='bbox 965 3803 1183 3887; x_wconf 83' lang='lat' dir='ltr'>Cleostratac,</span> <span class='ocrx_word' id='word_1_274' title='bbox 1218 3805 1253 3868; x_wconf 82' lang='lat' dir='ltr'>icl</span> 
     </span>
     <span class='ocr_line' id='line_1_33' title="bbox 181 3912 1284 4000; baseline 0.007 -27"><span class='ocrx_word' id='word_1_275' title='bbox 181 3912 313 3996; x_wconf 82' lang='lat' dir='ltr'>simplex</span> <span class='ocrx_word' id='word_1_276' title='bbox 338 3914 449 3977; x_wconf 90' lang='lat' dir='ltr'>mortis</span> <span class='ocrx_word' id='word_1_277' title='bbox 472 3935 585 3998; x_wconf 81' lang='lat' dir='ltr'>genus,</span> <span class='ocrx_word' id='word_1_278' title='bbox 609 3916 663 3978; x_wconf 79' lang='lat' dir='ltr'>secl</span> <span class='ocrx_word' id='word_1_279' title='bbox 685 3913 834 3999; x_wconf 88' lang='lat' dir='ltr'>supplicii</span> <span class='ocrx_word' id='word_1_280' title='bbox 857 3914 1024 3978; x_wconf 82' lang='lat' dir='ltr'>infamiam</span> <span class='ocrx_word' id='word_1_281' title='bbox 1047 3938 1067 3977; x_wconf 89' lang='lat' dir='ltr'>a</span> <span class='ocrx_word' id='word_1_282' title='bbox 1081 3914 1201 3978; x_wconf 87' lang='lat' dir='ltr'>marito</span> <span class='ocrx_word' id='word_1_283' title='bbox 1224 3919 1284 4000; x_wconf 81' lang='lat' dir='ltr'>opt</span> 
     </span>
     <span class='ocr_line' id='line_1_34' title="bbox 181 4023 1285 4109; baseline 0.006 -25"><span class='ocrx_word' id='word_1_284' title='bbox 181 4023 377 4088; x_wconf 87' lang='lat' dir='ltr'>existimavit</span> <span class='ocrx_word' id='word_1_285' title='bbox 398 4025 477 4088; x_wconf 88' lang='lat' dir='ltr'>satis</span> <span class='ocrx_word' id='word_1_286' title='bbox 499 4025 698 4089; x_wconf 88' lang='lat' dir='ltr'>mirabiliter.</span> <span class='ocrx_word' id='word_1_287' title='bbox 743 4025 826 4088; x_wconf 89' lang='lat' dir='ltr'>Nam</span> <span class='ocrx_word' id='word_1_288' title='bbox 850 4025 1080 4109; x_wconf 85' lang='lat' dir='ltr'>suppliciorum</span> <span class='ocrx_word' id='word_1_289' title='bbox 1103 4025 1247 4108; x_wconf 88' lang='lat' dir='ltr'>quidem,</span> <span class='ocrx_word' id='word_1_290' title='bbox 1273 4050 1285 4091; x_wconf 88' lang='lat' dir='ltr'>r</span> 
     </span>
     <span class='ocr_line' id='line_1_35' title="bbox 181 4132 1284 4219; baseline 0.005 -25"><span class='ocrx_word' id='word_1_291' title='bbox 181 4132 341 4196; x_wconf 84' lang='lat' dir='ltr'>servilium</span> <span class='ocrx_word' id='word_1_292' title='bbox 374 4138 517 4217; x_wconf 85' lang='lat' dir='ltr'>tantum,</span> <span class='ocrx_word' id='word_1_293' title='bbox 552 4136 635 4219; x_wconf 81' lang='lat' dir='ltr'>quod</span> <span class='ocrx_word' id='word_1_294' title='bbox 670 4136 814 4200; x_wconf 86' lang='lat' dir='ltr'>conicere</span> <span class='ocrx_word' id='word_1_295' title='bbox 848 4137 1007 4219; x_wconf 87' lang='lat' dir='ltr'>quispiam</span> <span class='ocrx_word' id='word_1_296' title='bbox 1036 4159 1052 4198; x_wconf 90' lang='lat' dir='ltr'>e</span> <span class='ocrx_word' id='word_1_297' title='bbox 1082 4134 1189 4199; x_wconf 83' lang='lat' dir='ltr'>Taciti</span> <span class='ocrx_word' id='word_1_298' title='bbox 1224 4158 1284 4201; x_wconf 81' lang='lat' dir='ltr'>ver</span> 
     </span>
     <span class='ocr_line' id='line_1_36' title="bbox 182 4241 1285 4330; baseline 0.006 -27"><span class='ocrx_word' id='word_1_299' title='bbox 182 4241 269 4305; x_wconf 78' lang='lat' dir='ltr'>Anu.</span> <span class='ocrx_word' id='word_1_300' title='bbox 293 4242 365 4325; x_wconf 86' lang='lat' dir='ltr'>XV,</span> <span class='ocrx_word' id='word_1_301' title='bbox 389 4245 431 4308; x_wconf 84' lang='lat'>60</span> <span class='ocrx_word' id='word_1_302' title='bbox 452 4246 568 4329; x_wconf 88' lang='lat' dir='ltr'>possit,</span> <span class='ocrx_word' id='word_1_303' title='bbox 598 4245 794 4310; x_wconf 81' lang='lat' dir='ltr'>tralaticium</span> <span class='ocrx_word' id='word_1_304' title='bbox 822 4247 926 4310; x_wconf 90' lang='lat' dir='ltr'>locum</span> <span class='ocrx_word' id='word_1_305' title='bbox 949 4250 981 4310; x_wconf 87' lang='lat' dir='ltr'>et</span> <span class='ocrx_word' id='word_1_306' title='bbox 1003 4246 1214 4330; x_wconf 87' lang='lat' dir='ltr'>praecipuum</span> <span class='ocrx_word' id='word_1_307' title='bbox 1239 4269 1285 4310; x_wconf 77' lang='lat' dir='ltr'>ex</span> 
     </span>
     <span class='ocr_line' id='line_1_37' title="bbox 181 4353 1285 4439; baseline 0.008 -24"><span class='ocrx_word' id='word_1_308' title='bbox 181 4354 306 4433; x_wconf 86' lang='lat' dir='ltr'>portam</span> <span class='ocrx_word' id='word_1_309' title='bbox 329 4353 530 4439; x_wconf 82' lang='lat' dir='ltr'>Esquilinam</span> <span class='ocrx_word' id='word_1_310' title='bbox 545 4357 644 4421; x_wconf 88' lang='lat' dir='ltr'>fuisse</span> <span class='ocrx_word' id='word_1_311' title='bbox 660 4360 780 4422; x_wconf 88' lang='lat' dir='ltr'>certum</span> <span class='ocrx_word' id='word_1_312' title='bbox 797 4361 855 4422; x_wconf 89' lang='lat' dir='ltr'>est.</span> <span class='ocrx_word' id='word_1_313' title='bbox 887 4358 1057 4421; x_wconf 81' lang='lat' dir='ltr'>Attamen</span> <span class='ocrx_word' id='word_1_314' title='bbox 1073 4357 1107 4421; x_wconf 87' lang='lat' dir='ltr'>in</span> <span class='ocrx_word' id='word_1_315' title='bbox 1124 4357 1285 4424; x_wconf 75' lang='lat' dir='ltr'>Stalinon·</span> 
     </span>
    </p>
   </div>
   <div class='ocr_carea' id='block_1_3' title="bbox 0 0 1430 5032">
    <p class='ocr_par' dir='ltr' id='par_1_4' title="bbox 0 0 1430 5032">
     <span class='ocr_line' id='line_1_38' title="bbox 0 0 1430 5032; baseline 0 0"><span class='ocrx_word' id='word_1_316' title='bbox 0 0 1430 5032; x_wconf 95' lang='lat' dir='ltr'> </span> 
     </span>
    </p>
   </div>
  </div>
 </body>
</html>
