2850 5032
505 294 542 341 u.
574 293 769 341 creussen.
1095 254 1102 263 ’
1151 280 1209 341 1⁰3

59 466 162 528 quam
183 468 264 531 opus
286 446 513 511 miserabiliter
538 446 748 530 depravatum
777 452 808 510 ct
841 450 1025 530 corruptum
1054 447 1209 513 scelerate

63 555 145 639 fuit,
175 557 235 621 hoe
262 558 408 641 profecto
435 558 500 621 fuit
520 561 587 642 opt.
611 560 645 621 et
665 558 888 641 praestantiss.
916 556 1135 622 l'lautinarum
1158 582 1209 621 co·

67 667 292 731 meedisrum.’
342 670 389 752 (p.
420 669 473 753 17)
506 668 746 733 ‘Correetieues
779 674 887 731 autem
921 669 1210 753 conrprobaeenmt

72 778 269 861 proverbium
290 782 382 843 vetus
405 783 438 843 et
458 779 558 862 ipsae,
583 779 754 842 multorum
770 778 965 842 medicorum
989 779 1208 843 curationibus

77 892 215 973 aegrotas
235 889 413 975 plerunque
435 888 535 973 perdi.
581 888 660 953 (lum
690 888 790 971 igitur
817 889 907 952 illum
929 888 1045 953 librum
1068 892 1208 953 veterem

80 999 205 1083 primum
225 999 391 1079 uidissem,
416 999 595 1064 incredibili
617 998 735 1085 gaudio
758 1000 889 1062 allectus
913 1000 970 1079 fui,
994 1000 1077 1084 (pud
1099 1022 1207 1083 spera-

84 1132 144 1174 rem
170 1111 319 1175 beneficio
351 1110 445 1175 huius
477 1115 546 1175 tam
578 1110 716 1194 turpiter
749 1110 984 1174 contaminatas
1017 1114 1049 1173 et
1083 1110 1207 1175 mendis

87 1224 224 1287 scatentes
250 1222 377 1285 fabulas
405 1221 572 1285 Plautinas
600 1221 767 1305 repurgari
796 1226 892 1304 atque
922 1221 1101 1303 integritati
1129 1244 1207 1285 eriere

89 1331 193 1395 restiteri
212 1354 313 1416 posse.
359 1330 439 1397 eum
468 1336 574 1395 autem
603 1332 721 1395 intueri
750 1331 840 1394 illurn
869 1331 1041 1412 attentius,
1079 1336 1112 1395 et
1140 1354 1206 1396 reru

91 1462 181 1526 gerere
209 1443 388 1507 accuratius
418 1443 608 1527 coepissem,
641 1464 703 1505 uem
727 1442 855 1525 (pridem
878 1446 914 1504 ut
936 1441 1028 1505 aiuut
1050 1442 1205 1522 dodonae(

91 1552 279 1637 btutauadc,
309 1554 365 1617 sed
393 1553 493 1616 multo
520 1556 607 1619 certe
630 1552 735 1617 urinas
758 1575 853 1637 (param
877 1573 1137 1636 speraremus,
1171 1552 1204 1617 in

93 1661 137 1725 illo
157 1662 228 1727 libra
255 1664 325 1748 opis
354 1667 387 1727 et
421 1664 530 1748 copiae
570 1663 754 1746 reperimus.
802 1662 941 1725 l‘riumm
975 1662 1060 1725 euim
1093 1663 1204 1727 atatim

93 1772 366 1857 depraehendimus,
401 1773 566 1837 librarium
597 1774 695 1837 tuisse
725 1773 910 1856 imperitum
937 1771 1118 1835 litterarum
1147 1772 1203 1836 La·
1223 1790 1272 1837 5¹⁴

93 1883 215 1967 tiuarum,
237 1902 348 1959 unum,
372 1890 408 1947 ut
429 1889 574 1968 apparet.
598 1905 635 1947 ex
658 1883 784 1947 illorum
807 1904 935 1965 genere,
959 1882 1013 1965 qui
1037 1882 1071 1945 in
1094 1904 1205 1946 coeno-

94 1992 186 2058 hiisad
200 1996 276 2059 alias
298 1994 428 2080 <perceris
449 1995 676 2078 occupationes
699 2016 767 2057 sese
790 1992 866 2055 dare
889 1991 1050 2076 «parcendam
1073 2014 1204 2057 consue·

95 2102 203 2188 cissent,
238 2128 334 2190 quam
372 2106 556 2169 incumbere
584 2104 689 2167 etndio
718 2105 874 2167 boumum
902 2102 1080 2167 litterarum
1109 2111 1204 2189 atque

94 2214 197 2280 artium:
232 2221 361 2281 rectene
389 2238 430 2279 an
459 2238 566 2299 secus,
596 2236 682 2278 unire
711 2236 775 2277 nou
805 2236 965 2298 (praeeram.
1011 2214 1072 2279 Sed
1101 2236 1204 2299 neque

93 2322 183 2389 librum
214 2328 412 2408 ἀρχέτυπον,
449 2325 533 2389 unde
566 2325 618 2389 hic
652 2324 830 2408 descriptus
865 2325 943 2393 suit.
978 2324 1141 2407 integrum
1172 2329 1205 2389 et

94 2436 266 2501 emendatum
289 2436 407 2520 ubique
430 2437 540 2517 fuisse,
563 2435 658 2499 sancite
681 2435 787 2518 potuit
808 2434 1051 2497 aniuuulverti.'
1086 2433 1123 2499 lu
1147 2434 1204 2498 der

95 2544 188 2610 audem
208 2550 341 2613 (nearent
366 2545 505 2610 Verreele
534 2546 610 2609 aber
639 2546 738 2608 heisst
767 2566 800 2607 es
829 2568 858 2627 p.
888 2547 939 2605 ll:
978 2544 1203 2609 ‘heleuterii-ula

94 2657 216 2736 ‘praedam
240 2657 408 2721 habuimus
423 2656 555 2719 duorum
572 2656 733 2731 libroruin,
760 2660 903 2717 veterum
919 2653 1046 2736 «pridem
1063 2653 1201 2734 illorum,

94 2764 135 2827 scd
155 2789 222 2850 quos
249 2767 450 2830 librariorum
480 2767 607 2830 inscitia
640 2771 672 2829 et
700 2765 838 2829 futilitau
866 2764 958 2826 t'oede
986 2763 1201 2848 depravasset.

95 2870 188 2941 Homm
213 2878 348 2942 alterum
376 2878 463 2940 nacti
494 2878 612 2940 suimus
636 2877 673 2939 de
699 2874 892 2938 bibliotheca
916 2875 1110 2956 praestantis
1133 2874 1201 2957 eig-

93 2984 172 3050 uitate
190 2993 218 3052 et
240 2988 385 3051 deustriuu
410 2988 468 3050 viri
495 2985 559 3050 l'iti
585 2986 720 3049 Werleri
747 2985 877 3051 Fruuni.
903 2984 952 3046 eui
978 2983 1127 3068 pleraque
1150 2985 1201 3047 de·

94 3092 177 3161 buras
196 3120 404 3182 eorumquae
427 3122 446 3159 u
469 3098 560 3160 uobis
586 3099 713 3159 t'nerunt
740 3101 892 3158 correcta.
940 3094 1071 3177 t'leorgii
1095 3101 1199 3158 auteur

95 3201 200 3271 Fabncii
223 3208 341 3273 caiidur
364 3209 498 3271 eniuuius
521 3212 553 3270 et
578 3206 799 3270 beru·uolentiu
823 3228 945 3268 scamma
970 3226 1047 3287 erga
1069 3227 1138 3285 nos,
1163 3205 1202 3268 dc

94 3312 241 3383 incredibili
272 3318 377 3381 studio
411 3317 597 3401 diligentiae
633 3340 723 3387 accere,
761 3315 1009 3379 communicavit
1036 3315 1201 3379 uobiscum

95 3444 171 3508 nuper
189 3452 276 3493 suum
298 3450 422 3513 quiaque
449 3427 581 3507 librum,
616 3428 649 3491 iu
677 3450 770 3510 «piem
801 3430 1021 3507 congesserat,
1051 3425 1201 3509 ‹pucquiel

95 3539 242 3620 perquirere
270 3539 407 3623 legende
430 3539 548 3621 potuit,
584 3537 666 3621 quud
696 3536 736 3598 ad
767 3535 988 3598 l'lautinarum
1020 3534 1201 3597 falurlarurn

94 3646 143 3708 tam
159 3650 406 3713 emendationem
429 3672 523 3733 quiam
547 3647 792 3731 explicationem
822 3644 940 3727 aliqcrid
970 3643 1122 3707 mmneuti
1146 3643 1200 3705 ha-

94 3750 169 3820 beret.
196 3762 327 3825 Caetera
350 3764 425 3822 sunt
449 3757 712 3822 ecuisidcrationie
735 3762 765 3817 et
790 3778 883 3817 curae
900 3779 936 3816 ae
952 3753 1048 3816 studii
1073 3752 1199 3815 rurestri)

96 3859 172 3930 l'nter
189 3870 258 3933 deni
281 3870 380 3933 ‘liber
395 3870 434 3932 G,
453 3869 607 3932 Fabricii’
619 3854 719 3930 ¹heum
738 3864 921 3945 unmoglich
945 3867 1044 3926 etwas
1067 3862 1201 3925 amlcres

94 3971 128 4035 ela
145 3978 186 4043 ein
207 3980 398 4065 gedruektcs
420 3977 680 4061 Handexemplar
707 3977 761 4039 cles
790 3975 924 4037 letztern
954 3973 1097 4054 gerneiut
1119 3971 1199 4034 sein.

95 4079 206 4169 l'dglich
229 4090 425 4154 besehriiuht
448 4088 517 4152 sich
541 4088 740 4152 t⁴arnerurius
764 4085 895 4155 clerani,
926 4106 986 4146 sou
1010 4081 1065 4144 der
1090 4082 1200 4145 beaten

94 4193 172 4260 seiucr
191 4201 301 4264 beiden
320 4200 572 4264 llandschrifteu
597 4199 666 4260 «eicie
691 4196 809 4260 attin-re
834 4194 927 4256 Notis
944 4216 981 4255 zu
999 4192 1114 4273 geben,
1138 4214 1199 4255 von

93 4300 135 4365 der
150 4311 273 4375 zweiteu
297 4312 374 4375 aber
395 4333 455 4397 gar
471 4309 578 4374 uichts
595 4309 704 4371 n'eiter
720 4329 757 4368 zu
775 4326 885 4389 sagea,
920 4303 1055 4369 Keiucm
1070 4301 1200 4367 Zweifel
