2850 5032
226 325 288 388 232
339 355 343 364 ·
569 338 791 387 ouosssun'n
816 338 1029 384 rnnvrmvn.
1077 320 1093 341 ‘

186 508 211 556 vt
232 517 317 558 nrnnr
340 496 409 558 sinc
433 493 628 576 antiquitate
651 493 846 556 ubertatem:
882 492 931 556 eui
955 492 1091 557 multum
1113 496 1281 577 praestare
1304 516 1377 558 con·

227 605 369 669 iunctam
404 626 474 668 eum
498 603 690 687 antiquitate
713 603 903 666 brevitatem
926 625 1082 667 summam
1105 626 1143 667 eo
1166 603 1251 687 quotl
1274 603 1378 668 solum

227 716 291 778 iam
324 718 426 778 restat
460 713 604 797 exernplo
639 713 848 797 intellegetis.
905 713 1011 797 Atque
1035 715 1101 777 eius
1123 713 1255 798 quidem
1277 714 1378 798 ipsius

230 847 341 890 caussa
363 824 443 889 haee
465 824 573 887 omnia
595 823 800 908 prolusimus,
824 845 905 907 equae
929 823 1007 887 satis
1029 824 1244 907 perspicimus
1268 846 1378 889 verum

229 959 320 1000 usum
343 957 409 998 non
432 907 565 1017 habere3
599 933 792 1018 prolusimus
815 935 939 1013 autem,
974 933 1064 1017 quia,
1088 934 1164 1018 quid
1186 934 1321 999 tandem
1344 936 1378 999 in

231 1047 291 1109 hoe
306 1068 425 1130 genere
447 1047 618 1128 ἐξηγητικῷ
641 1045 738 1108 etiam
761 1067 849 1108 nune
872 1043 1036 1107 eonditum
1057 1045 1092 1107 in
1108 1043 1379 1110 bibliothecarum

231 1156 363 1219 latebris
397 1157 538 1218 exstaret
561 1154 800 1218 sciscitantibus
823 1153 884 1218 hoc
906 1153 1013 1219 deberi
1036 1154 1221 1237 videbatur,
1256 1158 1294 1219 nt
1315 1178 1380 1221 uno

235 1463 393 1519 Romanum
416 1463 530 1517 stertunt
548 1469 658 1518 (currite.
689 1492 721 1500 -
758 1462 851 1518 Varro
874 1462 909 1517 L⁰
936 1464 1030 1519 ultimo
1055 1463 1164 1520 Rerum
1185 1464 1381 1521 bumanorum

233 1559 452 1624 rllrrinurumoue
471 1560 510 1612 nit
529 1556 606 1611 Ileos
624 1556 749 1611 Selectos
767 1572 831 1611 esse
850 1556 952 1612 ternum
969 1557 1067 1612 Iorlem
1081 1559 1240 1613 Saturnum
1260 1558 1381 1613 Genium

233 1651 411 1706 illercurium
438 1651 595 1717 Apollinem
622 1649 745 1704 illurtem
775 1649 932 1705 Vulcanum
959 1650 1121 1717 Nepturmm
1144 1650 1239 1707 Solem
1259 1650 1382 1707 Orcum.-

234 1745 368 1799 Lr'lrerum
384 1751 496 1811 putrem
518 1743 658 1799 Tellurem
678 1742 809 1798 Cererem
834 1742 972 1798 lernonem
991 1742 1102 1799 hecnam
1125 1743 1250 1798 Diarrom
1270 1742 1382 1800 Illiner·

195 1836 200 1849 “
235 1856 299 1893 reum
325 1837 461 1893 Venerem
481 1835 662 1892 tesmonia
682 1836 782 1903 arcibus
800 1835 930 1891 omrrltus
949 1835 1011 1890 XX
1025 1837 1172 1892 dirocleelm
1191 1853 1290 1893 mores
1307 1844 1383 1893 octo·

197 1936 201 1943 '
234 1947 287 1998 quc
303 1932 411 1999 semiue
429 1936 497 1986 suut
516 1930 608 1998 Hique
626 1928 724 1984 selecti
742 1930 782 1983 clii
799 1928 976 1984 allaetantur.
1001 1958 1034 1967 —
1056 1929 1213 1985 Duodecim
1237 1931 1281 1985 clii
1297 1938 1384 1987 erunt

236 2024 346 2090 Iupiter
364 2023 437 2079 luno
458 2024 606 2090 ll'eptuuus
625 2022 761 2077 lllineruo
779 2021 862 2077 illnrs
888 2022 983 2077 l'cuus
1001 2023 1100 2090 Apollo
1116 2022 1213 2077 Iliona
1234 2023 1384 2081 l'uleauus

242 2117 325 2171 Vesta
345 2116 512 2172 lllercorius
532 2117 617 2171 Ceres
639 2117 739 2183 trisque
760 2115 856 2169 Plauti
877 2121 971 2170 arctate
994 2115 1122 2183 Populus
1143 2116 1177 2172 n.
1196 2124 1263 2183 post
1280 2134 1383 2185 accep·

235 2216 291 2263 tora
309 2209 417 2264 cloclem
436 2211 475 2263 oct
493 2209 598 2264 Lceecrm
620 2210 817 2264 Trasimenum
841 2224 992 2276 cessimque
1009 2211 1168 2265 exercitum
1187 2226 1252 2266 erem
1273 2212 1383 2266 Flumi-

236 2304 283 2357 ru'o
300 2304 372 2357 rlccee
390 2308 522 2358 eru-otum
540 2304 743 2358 lectisternium
762 2308 789 2357 ct
803 2318 857 2370 per
873 2303 1010 2358 Triduum
1022 2302 1147 2358 nubitum
1165 2310 1193 2359 et
1209 2304 1383 2371 primaerio

236 2399 265 2450 in
284 2403 436 2463 conspectu
453 2396 539 2461 sucre
562 2396 805 2463 supplicatumque
828 2413 892 2452 eum
920 2396 1085 2463 coniupitrus
1107 2402 1135 2451 et
1151 2397 1252 2453 literis
1271 2416 1329 2453 reon
1348 2400 1384 2455 etr

237 2489 349 2544 rerbrrnn
368 2489 546 2544 multitudiue
565 2495 673 2543 trintum
691 2490 744 2543 secl
764 2496 791 2543 cl
810 2492 919 2556 opresti
935 2506 1005 2557 qcros
1023 2492 1052 2544 r'n
1072 2489 1167 2557 aliquo
1185 2508 1240 2545 suo
1258 2492 1383 2559 sortrmn

235 2582 348 2649 prrrblr‘cn
367 2598 474 2649 qrroque
493 2582 688 2648 conirmpebul.
710 2610 738 2617 -
763 2581 839 2634 Haec
858 2581 1092 2648 quemadmodum
1110 2598 1144 2636 ex
1162 2581 1269 2648 Nouio,
1289 2582 1384 2637 Chari-

237 2674 287 2737 sio,
306 2673 461 2738 Prisciano,
479 2673 619 2738 Varrone,
638 2673 808 2741 Angustiae,
831 2672 908 2727 Livio
932 2677 1068 2742 congesta
1085 2676 1161 2741 sunt,
1179 2674 1221 2729 ita
1239 2693 1315 2744 quae
1333 2694 1384 2747 per

236 2766 377 2836 proximas
396 2767 605 2835 Amphitruonis
628 2768 746 2836 paginas
764 2784 861 2835 sparsa
878 2769 943 2820 scint
959 2768 1127 2833 testimonia,
1150 2768 1186 2822 ad
1204 2769 1383 2835 Pausaniam,

133 2920 141 2939 ι
238 2861 414 2925 Strabonem,
433 2860 620 2924 Aristotelem,
639 2861 670 2913 D.
686 2859 885 2927 Hieronymum
904 2859 941 2927 (in
960 2861 1090 2929 Esaiam),
1108 2861 1282 2929 Suetonium,
1301 2864 1382 2918 Colu-

238 2954 361 3018 mellam,
384 2952 552 3020 Vitruvium,
580 2953 660 3006 Plinii
682 2953 715 3007 N.
736 2954 779 3019 Η.,
803 2952 943 3006 Donat-um
965 2953 1091 3022 aliosque
1114 2958 1244 3025 spectant
1266 2973 1384 3011 nurnero

238 3046 379 3115 plurimos.
413 3078 444 3083 —
475 3046 565 3099 Vnum
593 3047 621 3099 in
644 3048 724 3100 tanta
747 3045 921 3100 multitudine
940 3046 1074 3100 scholium
1097 3048 1280 3115 offendimus,
1308 3051 1384 3119 quod

239 3139 311 3193 uude
330 3140 443 3194 duetrnn
462 3140 499 3193 sit
516 3140 651 3209 indagare
668 3158 723 3194 nou
743 3138 924 3208 potuerimus,
942 3139 1115 3210 adscriptum
1133 3141 1234 3195 Bacch.
1253 3143 1275 3207 1,
1298 3150 1319 3207 l,
1338 3149 1383 3197 36:

240 3233 395 3289 Cestrum
414 3243 477 3291 erat
495 3235 548 3291 tete
565 3251 655 3301 pertus
674 3235 744 3290 bello
761 3236 874 3301 persico
893 3237 1048 3290 inuentum.
1088 3235 1187 3292 Celsus
1206 3238 1296 3293 libros
1314 3254 1384 3295 suus

239 3346 257 3382 n
282 3330 421 3384 uenietute
445 3345 542 3384 rerum
569 3335 685 3384 ecstos
711 3330 832 3383 uocauit.
878 3325 958 3393 [Vide
985 3326 1189 3395 praefationem
1211 3328 1384 3383 Bacchidem

240 3420 276 3472 ta.
300 3425 373 3473 istor
391 3438 417 3488 p.
437 3420 475 3473 Vl
494 3420 569 3488 adn]
600 3451 632 3457 -
661 3419 704 3471 Ad
726 3418 895 3472 Bacchidum
918 3418 1027 3472 initium
1050 3419 1084 3473 tle
1107 3419 1225 3474 luscinia
1242 3438 1385 3491 exponens

240 3511 330 3580 (leque
348 3513 409 3566 loeo
427 3513 581 3581 perpetrat-i
601 3531 617 3565 a
635 3512 725 3565 Tereo
744 3512 873 3565 frucinoris
896 3510 1084 3580 discrepantia
1106 3515 1232 3567 veterum
1256 3516 1383 3568 testimo·

241 3605 288 3658 nia
309 3621 477 3674 componens
499 3605 583 3659 etiam
611 3623 676 3659 sucre
700 3605 801 3659 cetastis
828 3604 992 3674 scriptorem
1016 3604 1138 3659 novicius
1161 3605 1208 3660 ille
1231 3607 1385 3663 scholiasta

241 3700 441 3751 commemorat
458 3697 500 3751 his
519 3698 624 3751 verbis:
647 3700 784 3755 llomr'lius
803 3702 868 3756 itum
881 3700 1016 3755 Straboni
1028 3700 1223 3767 urlstipulutur
1241 3705 1291 3769 qui
1309 3706 1385 3761 uille-

242 3808 290 3855 lur
307 3807 411 3856 lusere
433 3801 457 3855 T
457 3802 602 3867 ueprliclem
622 3800 760 3868 utilerque
778 3802 924 3867 leperulum
943 3807 1040 3857 censet
1058 3804 1154 3857 neseio
1177 3797 1231 3871 q'uo
1260 3806 1301 3860 ‹ul
1322 3808 1386 3863 elus

242 3909 357 3947 sensum
371 3896 465 3960 possit
484 3895 571 3949 acerbo
589 3895 766 3961 detorquere.
786 3922 819 3929 —
842 3892 971 3944 Ceterum
990 3891 1075 3945 etiarn
1092 3892 1280 3962 discrepantis
1297 3896 1385 3966 scrip-

243 3984 322 4036 turae
340 3984 497 4038 notationes
515 4000 569 4038 non
587 4002 690 4054 praticae
713 3984 794 4037 huius
817 3983 919 4037 codicis
941 3984 1082 4053 margines
1103 3987 1214 4051 tenent,
1236 3986 1387 4058 adscriptis

243 4075 405 4143 plerumque
424 4077 466 4129 his
484 4077 575 4129 verbis
594 4081 623 4132 iu
642 4078 698 4133 ulio
716 4079 812 4134 coelice
830 4077 873 4129 vel
892 4081 921 4131 in
940 4082 1055 4147 antiquo
1073 4081 1185 4135 coelice:
1203 4079 1279 4133 unde
1297 4097 1384 4150 appa·
1410 4060 1423 4107 Ι

245 4167 288 4218 ret
306 4166 375 4220 ‹luos
393 4168 537 4222 librarium
557 4169 664 4223 codices
683 4185 837 4237 usurpasse,
856 4185 973 4234 quorum
991 4171 1062 4223 alter
1079 4169 1281 4239 interpolatam
1293 4171 1387 4226 Plauti

245 4257 434 4312 recensionem
456 4261 611 4325 exhiberet,
638 4262 710 4315 alter
736 4260 773 4314 ab
799 4260 842 4312 his
868 4261 1130 4329 interpolationibus
1151 4262 1248 4331 paullo
1270 4264 1387 4319 liberior

246 4347 360 4416 propius
378 4351 524 4406 accederet
541 4352 577 4405 ad
596 4352 786 4407 Palatinarum
804 4351 1002 4422 integritatem.
