2850 5032
128 103 192 167 406
440 123 488 171 nu
509 123 726 171 anavuaxro
749 120 969 170 acaosmcuo

129 282 308 351 interillos
330 279 427 345 medii
449 277 619 360 habentur,
654 276 759 360 specie
780 279 908 340 tantum
930 276 1120 360 incorrupti.
1165 275 1277 362 Neque

131 395 217 460 enim
238 393 339 457 latine
362 391 425 457 dici
435 395 586 468 parietem
608 395 644 452 r'n
667 391 783 452 duabus
805 391 931 452 aedibus
945 408 1130 453 communem
1153 389 1277 473 pridem

130 506 337 591 perspexerat
370 500 537 585 Scioppius
570 498 663 584 Susp.
696 498 770 562 lect.
794 496 836 581 V,
861 499 878 562 7
890 548 899 582 ,
928 498 1007 582 quin
1040 499 1106 563 iam
1139 501 1277 565 sensisse

130 615 267 700 Pylades
289 613 424 694 videtur,
448 610 502 695 qui
524 613 646 673 veteres
668 610 744 674 inde
766 609 945 693 aprincipe
961 609 1116 674 editiones
1139 611 1278 695 itemque

130 725 273 791 novicios
302 723 425 788 codices
460 723 602 804 secutus,
636 719 807 804 inquibus
841 723 889 783 est
910 741 1093 786 commanem
1113 742 1202 786 suum
1219 744 1278 802 pa·

131 846 235 902 rierem
267 842 314 912 in,
347 833 434 898 hunc
461 853 588 897 versum
616 831 758 895 effinxit:
797 836 927 895 Geminis
957 851 1143 898 communem
1174 840 1278 912 parie-

131 959 189 1013 tem
222 967 308 1012 suam
343 950 478 1010 aedibus.
523 942 603 1009 Cum
626 941 775 1027 Scioppio
799 940 924 1006 hiatum
956 943 992 1008 in
1024 945 1098 1008 sinu
1130 945 1279 1010 foventes

131 1057 267 1122 Bothius
290 1060 322 1121 et
335 1054 555 1120 Paenultimus
576 1052 714 1139 editor*)
738 1052 842 1118 deleta
863 1038 1100 1138 praepositione
1121 1054 1280 1121 latinitati

132 1172 217 1235 certe
233 1166 471 1249 consuluerunt,
494 1165 548 1229 ille
563 1163 690 1249 quidem
704 1164 739 1228 in
753 1164 939 1249 nuperrima
954 1164 1093 1231 editione
1109 1165 1158 1231 sio
1172 1167 1279 1232 verbis
1322 1170 1324 1175 ’

131 1284 251 1344 temere
282 1277 487 1361 transpositis
521 1279 645 1340 aedibus
676 1282 755 1341 elam
784 1282 944 1355 parietem.
989 1275 1130 1342 Vltimus
1159 1281 1279 1361 autem,

132 1391 288 1475 quotquot
319 1387 467 1468 fuerunt,
501 1385 714 1472 editorum**)
744 1385 820 1471 quid
847 1386 964 1450 mirum
991 1386 1018 1452 si
1045 1386 1143 1471 talia,
1172 1389 1282 1474 qualia

132 1504 209 1566 sunt
236 1497 481 1584 praepositionis
509 1496 560 1562 vel
586 1496 715 1561 omissio
737 1496 788 1561 vel
813 1496 930 1580 positio
956 1500 989 1560 et
1015 1497 1048 1561 id
1070 1520 1173 1584 genus
1197 1500 1282 1565 aliae

133 1611 305 1694 minutiae,
334 1608 466 1672 minime
488 1607 528 1671 ad
551 1629 584 1672 se
608 1607 744 1672 attinere
767 1605 943 1672 arbitratus
970 1609 1149 1673 tralatimas
1171 1611 1282 1722 sordqs

133 1721 274 1787 studiose
289 1721 394 1784 dicam
416 1741 459 1783 an
481 1718 625 1804 segniter
638 1716 853 1803 propagavit?
880 1716 985 1783 Versu
1006 1723 1113 1783 autem
1135 1723 1284 1804 proximo

134 1833 209 1917 quid
230 1831 362 1896 tandem
385 1852 453 1895 esse
475 1837 567 1895 licere
589 1840 623 1895 at
644 1837 743 1909 quiret
770 1828 936 1892 dicamus?
967 1834 1126 1914 Notandu,
1150 1831 1199 1896 ait
1222 1818 1284 1896 Bri-

133 1943 219 2007 thius
226 1993 235 2027 ,
262 1948 387 2022 phrasis
414 1947 519 2006 ‘licere
540 1953 572 2005 ut
594 1947 725 2019 quiret’:
752 1961 822 2003 nam
844 1945 951 2004 luorum
979 1947 1130 2006 alterutro
1151 1946 1288 2022 defunqi

133 2059 267 2132 scrrptor
288 2061 424 2131 poterut.
469 2052 519 2114 Ac
546 2050 689 2114 notanda
716 2050 773 2114 illa
794 2054 844 2114 est
866 2072 959 2134 sane,
989 2052 1044 2115 sed
1070 2055 1108 2116 ut
1129 2075 1285 2137 perversa

135 2166 168 2226 et
189 2183 206 2226 e
228 2183 291 2245 qua
312 2182 427 2225 sanam
453 2160 618 2225 notionem
639 2159 729 2224 nullo
756 2161 992 2245 interpretandi
1017 2163 1154 2227 artificio
1177 2186 1284 2230 ernas.

135 2272 279 2338 Offendit
310 2271 346 2336 in
379 2293 416 2336 ea
448 2271 547 2335 etiam
568 2270 734 2335 Acidalius
768 2270 877 2335 Divin.
904 2272 939 2337 in
967 2271 1036 2337 Mil.
1061 2295 1088 2338 c.
1120 2275 1149 2358 1,
1179 2276 1237 2360 qui
1267 2298 1286 2340 a

135 2383 289 2448 librorum
304 2382 463 2467 scriptura
483 2388 589 2446 liceret
609 2381 783 2465 profectus,
806 2403 903 2466 quam
923 2404 990 2448 non
1006 2384 1130 2449 codices
1152 2388 1287 2451 tantum

135 2493 190 2558 sed
218 2493 315 2557 etiam
348 2491 503 2557 editiones
531 2496 607 2556 ante
635 2491 765 2576 Pyladis
794 2491 983 2558 Brixianam
1013 2516 1124 2559 omnes
1156 2499 1286 2580 tenent,

134 2605 289 2668 inlicere
316 2606 423 2667 autem
450 2604 567 2666 mutari
594 2602 716 2687 primus
743 2603 880 2667 iusserat
901 2604 994 2689 Pius,
1017 2607 1186 2689 proposuit
1215 2614 1288 2673 lice·

135 2727 193 2778 ret
216 2726 248 2779 ut
269 2720 334 2794 qui
354 2720 514 2778 convenire
536 2718 714 2778 amantibus.
743 2715 791 2777 At
808 2718 918 2778 tamen
940 2723 995 2795 qni
1013 2715 1092 2780 illud
1106 2718 1220 2782 nescio
1243 2742 1288 2783 an

134 2823 198 2890 huo
220 2822 424 2911 nullomodo
446 2824 590 2907 quadret,
614 2827 783 2909 propterea
805 2825 933 2909 quidem
954 2827 1037 2911 quod
1060 2826 1186 2892 alicui
1211 2851 1288 2893 con-

135 2933 286 2999 veniendi
307 2933 426 2998 rationi
448 2933 504 3021 illa
525 2934 596 3019 ipsa
608 2939 770 3020 repugnat
785 2935 963 2999 certissima
977 2937 1133 3020 perforati
1147 2941 1289 3021 parietis

136 3045 198 3109 via.
243 3043 401 3129 Pinguius
429 3044 526 3108 etiam
549 3043 659 3109 Bothii
686 3045 853 3109 inventum
877 3050 926 3111 est
947 3053 1051 3112 liceret
1072 3070 1133 3127 qua
1155 3071 1192 3112 re
1214 3072 1289 3115 con·

136 3156 238 3221 venire
265 3159 443 3219 amantibus.
495 3154 590 3221 Sedes
619 3159 727 3220 autem
756 3156 954 3241 corruptelae
982 3180 1045 3243 quo
1072 3159 1107 3222 in
1141 3158 1215 3224 loco
1244 3162 1293 3226 sit

137 3265 333 3351 quaerenda,
357 3263 459 3329 Vetus
487 3265 585 3330 codex
612 3265 785 3332 Camerarii
813 3269 989 3352 monstrat,
1022 3269 1055 3333 in
1089 3286 1152 3354 qno
1187 3293 1293 3355 supra

137 3384 236 3458 quiret
266 3375 421 3460 scriptum
447 3379 496 3440 est
522 3398 587 3440 non
616 3377 738 3441 recenti
760 3398 858 3441 manu
879 3386 976 3443 coire:
1010 3402 1072 3463 quo
1094 3380 1176 3444 adde
1201 3382 1293 3466 quod

133 3489 247 3577 *noster
268 3486 398 3572 quidam
418 3485 500 3551 liber
522 3508 580 3551 ms.
604 3488 640 3551 in
662 3486 793 3551 Etruria
815 3491 941 3571 emptus
963 3490 1041 3553 item
1063 3512 1161 3574 supra
1185 3492 1294 3577 scrip

137 3601 207 3663 tum
229 3601 320 3662 tenet
341 3604 412 3663 inde
425 3619 453 3672 ,α
475 3603 579 3682 domo,
601 3599 636 3663 in
658 3597 805 3683 margine
833 3602 940 3663 autem
966 3601 1106 3684 positum
1133 3609 1221 3666 coire
1248 3616 1293 3668 er.

137 3706 213 3772 Non
240 3710 347 3792 potest
373 3713 484 3774 nostra
511 3710 672 3774 sententia
699 3708 830 3772 dubium
853 3730 938 3792 esse,
972 3711 1052 3794 quin
1078 3718 1178 3791 quiret
1208 3712 1294 3777 illud

138 3821 252 3882 natum
274 3819 316 3882 sit
338 3839 377 3883 ex
398 3819 460 3885 hac
476 3842 584 3885 versus
605 3820 691 3885 illius
707 3820 828 3904 specie:
850 3827 956 3885 liceret
978 3833 1011 3888 ut
1031 3829 1134 3889 coire
1156 3837 1193 3889 et
1216 3847 1294 3892 con·

208 4056 234 4120 *)
253 4053 333 4123 [Vide
352 4073 438 4126 supra
454 4076 482 4126 p.
503 4060 571 4128 188]

207 4147 246 4212 **)
265 4145 346 4214 [Vide
364 4166 451 4219 supra
467 4169 495 4219 p.
516 4153 584 4221 186.]
