2850 5032
222 109 285 171 412
532 128 578 173 aa
601 125 817 173 raovnunro
842 123 1061 174 scaosrlcuo

220 299 302 361 (luae
324 278 451 361 quidem
474 286 607 344 ridicula
630 279 707 343 alibi
729 283 824 364 poeta
839 285 1021 344 ridicularia
1044 277 1126 341 (lixit
1147 276 1242 340 Asin.
1266 277 1310 361 ΙΙ,
1333 283 1365 309 ““

220 389 271 452 64.
301 388 390 453 Tria.
415 389 446 473 Ι,
470 390 506 473 2,
530 389 582 454 28.
611 391 704 454 Truc.
728 390 793 472 ΙΙΙ,
816 391 847 472 2,
878 391 926 454 l'l.
970 387 1054 452 lllud
1077 388 1163 451 enirn
1185 388 1325 472 exempli
1368 417 1425 454 m

219 498 339 562 imitari
369 505 453 563 certe
476 501 670 584 Argumenti
693 502 829 584 scriptor
860 500 979 584 potuit:
1001 519 1063 563 nec
1085 498 1173 562 enim
1197 498 1311 562 celand
1351 531 1362 561 ι

218 613 268 674 est
294 610 328 673 in
351 611 564 675 Ambrosiuno
588 612 695 676 codice
721 611 928 695 palimpsesto
950 617 1028 689 louis
1050 613 1177 674 exstare
1202 631 1261 694 pro
1285 620 1369 698 rucis²

219 724 255 784 ut
276 721 311 785 in
334 722 444 785 eadem
466 721 576 786 fabula
599 721 625 804 Ι,
650 723 679 802 3,
703 722 754 786 68.
783 721 827 806 ΙΙ,
850 723 881 803 2,
905 721 958 786 59.
982 720 1034 785 68.

302 831 406 896 Versu
428 832 597 896 undecimo
619 838 648 896 ci
667 832 702 895 in
725 855 788 895 uno
802 831 919 896 Vetere
942 834 992 895 est
1013 834 1046 896 et
1067 854 1086 894 a
1109 832 1252 895 secunda
1270 855 1356 898 mauu

218 943 354 1026 quidem,
378 964 436 1026 pro
459 943 594 1027 eoquod
617 943 730 1027 reliqui
753 964 863 1007 omnes
888 942 1010 1006 habent
1030 944 1082 1005 sat
1102 942 1354 1026 memorabiliter,

217 1061 276 1118 celi
303 1053 366 1135 (vel
388 1056 489 1137 cccli).
535 1052 618 1117 lllud
646 1053 859 1117 e‘codioibus
890 1052 1042 1136 antiquis’
1066 1052 1130 1115 iam
1152 1052 1292 1136 Pylades
1319 1076 1356 1118 re·

217 1163 334 1247 stituit,
357 1168 526 1248 posmuam
549 1170 671 1244 qrrando
693 1169 817 1228 caelibis
839 1163 968 1247 scripsit
990 1161 1180 1246 Saracenas,
1208 1186 1299 1244 quum
1320 1167 1360 1229 illi

217 1274 293 1338 Pius
321 1275 437 1357 suasit,
467 1275 577 1358 inepte
604 1278 748 1359 uterque.
794 1273 878 1338 Mira
905 1296 983 1338 sane
1011 1277 1060 1338 est
1087 1280 1117 1337 ci
1136 1274 1224 1339 vocis
1253 1275 1288 1339 in
1309 1283 1362 1341 celi

217 1385 417 1469 depravatio,
441 1408 536 1470 quam
564 1407 630 1449 non
651 1383 755 1449 habeo
777 1407 839 1470 quo
864 1385 957 1449 modo
980 1384 1133 1449 accidisse
1155 1364 1362 1468 lirobsbiliter

217 1495 441 1559 demonstrem.
488 1494 527 1583 [El
557 1500 664 1560 vetere
692 1496 852 1580 scriptura
879 1517 960 1580 quae
987 1496 1051 1559 suit
1076 1512 1135 1558 aul
1157 1517 1224 1559 non
1248 1496 1363 1582 impro

218 1606 368 1670 habiliter
399 1607 528 1690 repetiit
555 1606 770 1671 Buechelerus
803 1607 843 1670 de
872 1605 951 1670 decl.
982 1605 1039 1669 lat.
1067 1629 1099 1689 p.
1129 1605 1195 1695 61.]
1248 1607 1366 1683 Quodsi

218 1716 425 1781 artificiorum
447 1717 605 1781 machinis
619 1717 810 1802 quibusdam
832 1717 1000 1801 indulgere
1023 1716 1143 1799 liceret,
1169 1718 1308 1802 eogitari
1331 1718 1368 1782 de

218 1825 409 1912 glossemate
431 1832 539 1911 posset
562 1832 595 1892 et
616 1829 704 1893 velut
724 1828 785 1892 hoc
807 1827 958 1912 proponi:

444 1974 583 2030 omissam
606 1971 697 2029 faciat
718 1971 883 2043 mulierem,
908 1989 999 2045 quom
1022 1970 1129 2029 caelibi

443 2059 522 2114 senis
544 2056 636 2116 vicini
659 2055 762 2131 cupiat
783 2074 859 2113 uxor
880 2055 1008 2113 nubere:

218 2207 294 2248 nam
321 2208 387 2249 non
416 2206 488 2248 raro
518 2190 550 2249 et
572 2195 694 2264 quando
715 2194 859 2266 quonlam
881 2207 968 2266 quom
995 2206 1063 2249 esse
1086 2190 1274 2270 permutata
1297 2212 1372 2254 con·

218 2299 284 2360 stat
306 2300 339 2360 st
360 2295 394 2359 in
427 2296 498 2388 ipso
520 2318 666 2360 versuum
689 2298 776 2362 exitu
812 2296 951 2380 aliquam
979 2295 1029 2360 vel
1055 2295 1214 2379 syllabam
1238 2298 1289 2363 rel
1320 2323 1372 2364 uo

219 2405 324 2471 culam
350 2406 514 2472 excidisse.
561 2407 622 2472 Sed
650 2412 757 2473 tamen
768 2460 777 2492 ,
813 2430 885 2473 cum
912 2412 1022 2471 caelati
1046 2428 1112 2471 non
1139 2408 1248 2491 possit
1276 2409 1374 2476 aliter

218 2517 339 2581 dictum
367 2539 434 2580 esse
462 2517 524 2580 nisi
554 2522 590 2582 ut
618 2519 723 2583 valeat
749 2527 862 2601 qulppc
888 2525 942 2599 qul
961 2522 1079 2582 caelebs
1099 2525 1152 2600 sit,
1177 2517 1241 2583 hoc
1264 2520 1373 2604 ipsum

218 2649 348 2709 prorsus
376 2650 441 2690 non
470 2628 687 2713 intellegimus
716 2652 771 2694 cur
797 2630 928 2693 tandem
957 2628 1108 2712 addatur,
1132 2630 1265 2713 quando
1288 2632 1373 2697 nihil

219 2742 268 2801 est
295 2760 350 2801 cur
378 2760 508 2801 uxorem
535 2738 685 2803 habuisse
712 2740 818 2823 potius
848 2763 943 2823 quam
965 2762 1032 2804 non
1058 2739 1210 2804 habuisse
1233 2742 1373 2807 militem

218 2848 426 2931 suspicemur.
471 2848 562 2912 Nihil
589 2854 695 2914 autem
723 2850 907 2914 offensionis
941 2851 1026 2934 apud
1053 2849 1206 2914 Plautum
1241 2854 1373 2937 quidem

218 2959 253 3023 in
275 2959 345 3042 ipso
367 2959 431 3022 fine
453 2981 562 3023 versus
584 2962 724 3044 positum
746 2969 776 3023 cl
795 2960 903 3043 habet,
928 2961 1055 3044 quando
1075 2983 1141 3026 non
1164 2961 1277 3028 dativo
1300 2969 1373 3030 tan·

218 3073 287 3135 tum
310 3091 386 3133 casu
408 3068 488 3134 (lixit
510 3070 578 3134 Mil.
602 3071 660 3156 IV,
684 3072 715 3154 5,
738 3073 773 3136 5:

316 3214 420 3271 verum
443 3216 594 3288 postremo
618 3215 834 3289 impetrarint
857 3213 948 3285 vilui,
973 3213 1143 3288 donarique
1166 3214 1249 3293 ei:*)

224 3354 260 3359 ⁷,-
270 3347 423 3356 ‚-.-.„-——-

218 3416 383 3493 argumento
402 3429 453 3483 pro
473 3414 616 3470 Ridiculis
635 3421 729 3469 aulam
746 3412 826 3466 video
846 3412 881 3465 ab
901 3411 931 3464 0.
946 3410 1083 3479 Seyfferto
1096 3410 1241 3482 Philologi
1258 3423 1280 3468 t.
1295 3416 1372 3471 XXV

219 3529 245 3580 p.
265 3516 315 3564 439
335 3505 524 3562 commendari
544 3508 674 3563 Ridicule
698 3510 723 3563 is
742 3514 835 3563 orclem
856 3526 900 3558 -τ
930 3520 986 3558 uon
1008 3504 1103 3573 inepte
1124 3503 1154 3558 id
1178 3506 1298 3573 quidem
1323 3528 1374 3580 per

219 3620 256 3669 se,
274 3603 323 3657 sed
340 3602 390 3656 tali
409 3599 651 3669 argumentatione
670 3599 777 3664 fultum,
797 3617 880 3667 quam
893 3598 960 3652 satis
972 3596 1106 3652 admirari
1121 3615 1273 3666 nequeam.
1301 3604 1374 3658 lllud

122 3763 124 3765 ι
220 3697 294 3749 enim
313 3698 453 3760 ridiculis,
472 3693 639 3761 Seyffertum
659 3693 682 3744 si
701 3691 836 3758 audimus,
856 3692 939 3745 ‘lueet
957 3691 1015 3745 sich
1032 3708 1085 3745 nur
1098 3690 1185 3745 durch
1199 3693 1375 3767 Ergauzung

220 3807 273 3843 von
292 3793 381 3846 modis
400 3789 468 3842 oder
487 3786 665 3855 dergleichcn
684 3785 838 3839 erkltren’:
862 3784 891 3837 id
908 3784 984 3854 quod
1001 3788 1061 3839 tam
1076 3784 1235 3841 insolenter
1252 3789 1324 3856 fieri,
1343 3796 1373 3844 ut

219 3881 376 3950 argumenti
390 3881 520 3951 scriptori
538 3880 624 3934 tribui
642 3880 771 3948 nequeat.
796 3879 907 3947 Ergone
926 3880 1097 3936 ridicularia
1114 3880 1180 3932 sunt
1199 3880 1374 3938 ‘ridicularii

219 3974 329 4029 modi’?
364 3976 407 4027 Au
425 3992 487 4028 cum
507 3983 589 4027 ‘vera
607 3973 698 4027 falsis’
717 3971 826 4026 misceri
845 3971 972 4038 dicimus,
996 3972 1030 4027 de
1054 3973 1143 4027 ‘veris
1165 3973 1275 4028 modis‘
1297 3977 1373 4046 eogi-

219 4071 310 4121 tamus
329 4067 377 4135 qui
395 4067 488 4120 ‘falsis
507 4066 609 4121 morlis'
629 4067 831 4136 opponairturll

287 4161 312 4228 *)
343 4159 397 4228 [lbi
417 4160 546 4231 quoniam
565 4160 690 4214 inlibris
709 4160 790 4214 valde
809 4161 938 4229 corrupte
956 4160 999 4214 est
1016 4163 1126 4218 donari
1140 4163 1212 4219 dere
1230 4163 1277 4216 rol
1296 4168 1374 4222 dona
