2850 5032
213 293 276 359 248
554 311 776 361 auossamvn
798 310 1013 357 uunvuiuvu.

214 486 279 530 eum
302 473 448 546 eriperet,
482 468 601 531 mdama
623 486 661 529 ea
683 471 816 546 arripuit
837 468 1006 530 mordicus:
1038 464 1093 529 ubi
1115 484 1153 528 ea
1175 463 1297 528 inserui
1320 463 1361 528 de

214 598 295 641 meo.
341 575 454 641 Certus
477 576 579 641 eidem
602 575 752 640 adverbio
773 575 862 640 locus
885 577 934 639 est
956 574 1048 659 Oapt.
1067 574 1127 658 Ill,
1150 575 1182 657 4,
1207 575 1249 639 73
1265 574 1359 660 (605)

215 689 247 752 o's
270 689 428 752 denasabit
449 693 506 752 tibi
527 690 686 752 biordicas
707 689 740 749 et
761 685 848 750 Men.
871 686 898 768 I,
922 687 953 769 3,
979 685 1019 749 12
1041 685 1132 771 (195)
1155 687 1217 749 idm
1239 698 1361 765 oporie-

216 803 267 862 bai
300 800 405 862 adsum
439 803 596 878 abreptum
619 800 789 862 mbrdicos:
824 795 932 881 paullo
954 796 1061 860 miuus
1084 798 1190 860 certus
1212 794 1291 860 Aul.
1315 794 1361 879 Il,

216 908 253 990 2,
285 910 342 991 57,
376 908 433 972 nbi
455 908 594 972 dubitari
617 909 724 992 potest
745 911 851 971 utrum
873 907 990 971 rectius
1013 907 1188 971 secundum
1208 904 1363 971 Veterem

217 1019 266 1103 (in
288 1040 349 1102 qno
372 1023 421 1083 est
452 1040 499 1083 me
520 1020 687 1104 mordicus)
717 1017 813 1084 ‘Asini
831 1019 984 1082 mordiciis
1010 1039 1057 1081 me
1082 1022 1241 1095 scindant,
1274 1020 1365 1081 bo'oes

217 1136 373 1195 incursent
405 1132 549 1194 cornibus
581 1150 706 1193 mecum
736 1128 876 1214 (Proleg.
899 1150 931 1212 p.
956 1126 1038 1213 CLI)
1062 1130 1174 1191 teneas
1196 1149 1237 1191 an
1260 1125 1364 1192 Nonii

217 1261 249 1323 p.
276 1240 336 1304 139
369 1239 431 1304 fide
452 1243 582 1324 poetam
605 1240 715 1304 credas
737 1260 795 1324 per
817 1239 922 1303 iocum
943 1238 1019 1303 ficto
1041 1236 1196 1302 vocabulo
1218 1238 1366 1322 potuisse

218 1350 315 1414 'Asioi
344 1371 391 1413 me
421 1352 605 1416 mordicibus
642 1355 786 1415 scindant
817 1349 937 1434 dicere,
972 1348 1004 1412 l1.
1039 1370 1067 1412 e.
1102 1346 1262 1412 dentibus.
1315 1346 1365 1413 De

218 1448 306 1524 mero
329 1460 415 1523 enim
436 1461 640 1545 grammatici
663 1463 842 1524 commento
865 1481 905 1524 ne
929 1459 1061 1544 cogiteS,
1085 1458 1238 1522 admonet
1251 1461 1366 1543 Appu-
1403 1520 1406 1524 ,

221 1569 263 1633 lei
285 1569 439 1654 imitatio,
463 1592 557 1654 quem
579 1570 881 1654 Metamorphoseon
903 1570 968 1653 ΠΙ,
991 1569 1033 1633 26
1054 1592 1086 1654 p.
1110 1567 1174 1632 222
1195 1568 1242 1632 sie
1264 1571 1366 1653 scrip

219 1681 299 1746 sisse
327 1687 537 1761 nequissimam
556 1685 908 1761 facinorosissimamque
931 1683 1080 1757 seminam
1106 1686 1211 1761 spissis
1232 1685 1368 1745 calcibus

217 1795 335 1870 seriens
367 1804 396 1857 ei
428 1797 612 1856 mordicibus
633 1803 789 1873 appetens,
826 1791 923 1856 codex
945 1790 1137 1874 archetypus
1160 1789 1368 1855 Placentinus

221 1904 367 1966 testatur.
413 1901 562 1967 Ceterum
584 1907 761 1967 mordicitus
782 1902 896 1984 forma,
921 1923 1003 1985 quae
1025 1900 1216 1985 quibusdam
1231 1899 1366 1985 placuit,

220 2033 281 2076 nec
303 2015 418 2076 testem
440 2034 501 2076 nec
524 2012 681 2077 rationem
702 2012 803 2077 habet
824 2013 986 2077 idoneam.
1034 2011 1140 2096 [Haec
1162 2009 1368 2095 scripseram,

221 2144 294 2188 oum
316 2122 354 2186 de
377 2121 564 2187 Florentino
585 2123 682 2188 fidem
704 2122 802 2186 habui
818 2122 1033 2187 Hildebrandi
1055 2121 1257 2186 testimonio:
1280 2141 1370 2185 nunc

222 2235 393 2316 postquam
415 2232 550 2297 Henrici
572 2232 669 2298 Keilii
703 2233 819 2298 litteris
853 2233 969 2298 certior
989 2232 1095 2296 factus
1118 2253 1189 2296 sum
1211 2230 1281 2296 illic
1303 2252 1370 2295 uon

222 2342 328 2427 magis
351 2364 446 2425 quam
468 2344 504 2407 in
526 2342 643 2407 Vetere
664 2342 771 2407 Plauti
794 2348 990 2426 mordicibus,
1015 2342 1069 2407 sed
1092 2348 1247 2408 mordicus
1268 2341 1371 2426 serip-

222 2456 291 2516 tum
314 2473 382 2516 esse
412 2453 615 2537 planissime,
650 2475 716 2518 non
749 2453 861 2518 dubito
891 2475 970 2519 sane
991 2453 1106 2518 miram
1128 2451 1229 2517 Nonii
1250 2472 1371 2516 memo-

223 2562 305 2626 riam
335 2585 374 2626 ex
404 2563 545 2648 argutati
580 2564 646 2627 sive
671 2563 782 2628 ‘critici
814 2566 881 2629 sive
913 2563 1117 2649 grammatici
1151 2561 1289 2627 artificio
1323 2583 1372 2626 re·

223 2675 359 2757 petere]

308 2783 352 2847 ln
375 2784 553 2869 Epidico.
599 2785 640 2849 28
664 2793 784 2850 nevis:
807 2786 841 2849 in
864 2784 991 2869 Epidici
1014 2784 1173 2869 principio
1189 2783 1285 2849 hodie
1302 2805 1370 2849 non

226 2895 340 2957 exstat.
386 2893 469 2959 Fieri
492 2898 599 2979 potest
620 2898 657 2958 ut
677 2894 910 2980 glossographo
933 2895 1045 2960 vitium
1067 2889 1246 2978 scripturae
1260 2894 1373 2958 fraudi

224 3002 379 3067 fueritin
401 3003 427 3087 l,
451 3005 488 3083 2,
514 3006 551 3068 11
577 3008 656 3080 Ouid
677 3010 730 3070 tibi
750 3028 796 3069 me
817 3014 861 3071 uis
880 3010 1012 3083 ficere?
1044 3005 1093 3070 vel
1116 3005 1160 3068 ib.
1185 3028 1214 3069 v.
1237 3005 1282 3069 40
1315 3008 1375 3070 Dic

225 3118 313 3177 modo
336 3119 417 3178 unde
438 3118 570 3191 aase'rre
591 3137 638 3181 me
660 3123 718 3180 ais:
743 3117 831 3180 cuius
853 3117 980 3200 quidem
1003 3114 1248 3200 permutationis
1264 3136 1375 3180 exem·

225 3222 280 3306 pla
301 3223 388 3287 infra
409 3225 511 3308 posui.
519 3224 550 3310 *)
594 3225 665 3290 Nisi
687 3226 770 3290 forte
792 3227 920 3291 miscuit
942 3233 1025 3291 nervis
1047 3229 1080 3289 et
1101 3233 1219 3307 aeaoii,
1242 3226 1374 3309 quando

226 3332 270 3396 ib.
286 3332 314 3415 I,
334 3336 361 3415 l,
377 3335 420 3398 40
441 3341 565 3399 Patrem
586 3342 690 3401 uidere
710 3358 743 3400 sc
765 3344 896 3402 aeoolte
919 3337 1073 3400 librorum
1090 3337 1251 3421 scriptura
1272 3358 1375 3401 serem

226 3465 288 3508 noa
310 3450 376 3509 uult
397 3444 559 3509 verissime
582 3446 665 3509 eruit
679 3445 885 3510 Hermannus
900 3446 1004 3511 Elem.
1021 3447 1122 3510 doctr.
1139 3449 1232 3510 metr.
1248 3467 1282 3530 p.
1303 3445 1375 3512 161.

294 3681 319 3748 *)
351 3680 396 3736 Sic
422 3681 538 3737 Poenuli
555 3682 588 3750 V,
611 3689 708 3746 2,119
732 3686 772 3741 Ei
794 3686 822 3741 ie‘
842 3689 952 3742 aioneri
974 3688 1042 3742 adm
1065 3688 1145 3742 aevis
1166 3683 1196 3738 in
1217 3683 1374 3741 Deeurtato

226 3774 361 3845 scriptum
379 3777 422 3830 est
440 3794 506 3833 aum
525 3795 567 3834 me
585 3781 639 3835 uis.
675 3777 747 3832 Item
764 3777 927 3831 Truculenti
944 3778 978 3843 Il,
995 3783 1020 3844 6,
1038 3782 1080 3845 66,
1097 3778 1147 3832 ubi
1163 3779 1239 3833 recte
1257 3777 1378 3833 Bothius

232 3868 338 3926 Virum
363 3871 455 3927 adibo.
480 3873 550 3939 qaid
571 3876 615 3928 ois
639 3889 717 3928 auae
739 3879 786 3928 iu?
811 3875 878 3928 arim
901 3889 944 3928 me
968 3876 1024 3938 ais,
1056 3871 1186 3940 octupiis
1204 3888 1281 3937 mea,
1313 3873 1378 3941 aab

229 3969 347 4019 uocatus
365 3981 428 4020 sum
447 3963 490 4020 ire
509 3966 548 4020 ad
564 3976 681 4021 cenam?
715 3964 744 4017 in
767 3964 867 4019 eodem
890 3964 984 4018 codice
1006 3965 1050 4018 est
1068 3983 1134 4023 aum
1153 3968 1236 4022 acuis
1258 3982 1318 4031 me,
1347 3964 1379 4019 iu

229 4052 333 4107 Vetere
352 4055 429 4114 rsuai
447 4061 492 4114 uis
510 4075 580 4114 mea.
617 4057 672 4111 Vbi
690 4074 757 4111 cave
775 4057 810 4111 de
828 4057 922 4125 aliqua
940 4075 1044 4115 numae
1063 4059 1105 4124 (ut
1120 4074 1210 4123 anae,
1230 4062 1378 4127 ratramne)

231 4146 321 4199 tonna
340 4149 445 4217 cogites
458 4168 520 4204 cum
532 4150 738 4220 lexicographis
751 4149 863 4204 nostris:
882 4168 966 4220 quam
984 4150 1140 4205 iuncturam
1151 4149 1266 4219 ignorat
1283 4150 1380 4206 latini·

231 4239 284 4305 tas,
303 4256 473 4308 quamquam
492 4263 626 4301 mirmiram
651 4246 692 4310 (ut
710 4242 774 4297 Cist.
794 4243 841 4310 IV,
862 4251 884 4310 1,
903 4249 918 4298 6
937 4243 997 4298 coll.
1018 4243 1099 4298 Truc.
1118 4244 1153 4312 ll,
1169 4249 1195 4312 4,
1214 4249 1227 4299 1
1247 4243 1277 4301 et
1295 4243 1335 4310 11,
1354 4251 1381 4313 7,

231 4338 277 4398 te,
295 4331 363 4385 item
381 4334 503 4402 quinque
521 4336 654 4407 exemplis
673 4336 857 4406 Terentiauis)
876 4337 975 4395 eadem
991 4336 1131 4410 probavit.
