<?xml version="1.0" encoding="UTF-8"?>
<!DOCTYPE html PUBLIC "-//W3C//DTD XHTML 1.0 Transitional//EN"
    "http://www.w3.org/TR/xhtml1/DTD/xhtml1-transitional.dtd">
<html xmlns="http://www.w3.org/1999/xhtml" xml:lang="en" lang="en">
 <head>
  <title>
</title>
<meta http-equiv="Content-Type" content="text/html;charset=utf-8" />
  <meta name='ocr-system' content='tesseract 3.04.00' />
  <meta name='ocr-capabilities' content='ocr_page ocr_carea ocr_par ocr_line ocrx_word'/>
</head>
<body>
  <div class='ocr_page' id='page_1' title='image "./fridericiritsch01ritsgoog_0194.png"; bbox 0 0 2894 5040; ppageno 0'>
   <div class='ocr_carea' id='block_1_1' title="bbox 574 293 1229 357">
    <p class='ocr_par' dir='ltr' id='par_1_1' title="bbox 574 293 1229 357">
     <span class='ocr_line' id='line_1_1' title="bbox 574 293 1229 357; baseline 0.006 -5"><span class='ocrx_word' id='word_1_1' title='bbox 574 305 730 353; x_wconf 75' lang='lat' dir='ltr'><em>Asnsua.</em></span> <span class='ocrx_word' id='word_1_2' title='bbox 1169 293 1229 357; x_wconf 87' lang='lat'><em>163</em></span> 
     </span>
    </p>
   </div>
   <div class='ocr_carea' id='block_1_2' title="bbox 61 462 1229 553">
    <p class='ocr_par' dir='ltr' id='par_1_2' title="bbox 61 462 1229 553">
     <span class='ocr_line' id='line_1_2' title="bbox 61 462 1229 553; baseline 0.002 -31"><span class='ocrx_word' id='word_1_3' title='bbox 61 478 178 539; x_wconf 80' lang='lat' dir='ltr'><em>prope</em></span> <span class='ocrx_word' id='word_1_4' title='bbox 211 480 261 522; x_wconf 88' lang='lat' dir='ltr'><em>me</em></span> <span class='ocrx_word' id='word_1_5' title='bbox 296 472 394 524; x_wconf 87' lang='lat' dir='ltr'><em>sonat.</em></span> <span class='ocrx_word' id='word_1_6' title='bbox 447 462 505 522; x_wconf 83' lang='lat' dir='ltr'><em>Tui</em></span> <span class='ocrx_word' id='word_1_7' title='bbox 529 462 569 523; x_wconf 80' lang='lat' dir='ltr'><em>bit</em></span> <span class='ocrx_word' id='word_1_8' title='bbox 594 466 712 553; x_wconf 82' lang='lat' dir='ltr'><em>uelatis.</em></span> <span class='ocrx_word' id='word_1_9' title='bbox 742 466 770 522; x_wconf 90' lang='lat' dir='ltr'><em>si</em></span> <span class='ocrx_word' id='word_1_10' title='bbox 789 466 832 523; x_wconf 89' lang='lat' dir='ltr'><em>ita</em></span> <span class='ocrx_word' id='word_1_11' title='bbox 859 481 890 523; x_wconf 90' lang='lat' dir='ltr'><em>es</em></span> <span class='ocrx_word' id='word_1_12' title='bbox 919 471 951 523; x_wconf 90' lang='lat' dir='ltr'><em>ut</em></span> <span class='ocrx_word' id='word_1_13' title='bbox 977 481 1034 538; x_wconf 76' lang='lat' dir='ltr'><em>cao</em></span> <span class='ocrx_word' id='word_1_14' title='bbox 1061 466 1138 525; x_wconf 87' lang='lat' dir='ltr'><em>uela.</em></span> <span class='ocrx_word' id='word_1_15' title='bbox 1175 464 1229 524; x_wconf 85' lang='lat' dir='ltr'><em>Sia</em></span> 
     </span>
    </p>
   </div>
   <div class='ocr_carea' id='block_1_3' title="bbox 65 557 1228 689">
    <p class='ocr_par' dir='ltr' id='par_1_3' title="bbox 65 557 1228 689">
     <span class='ocr_line' id='line_1_3' title="bbox 65 557 1228 689; baseline 0.002 -32"><span class='ocrx_word' id='word_1_16' title='bbox 65 600 242 689; x_wconf 73' lang='lat' dir='ltr'><em>olitores.</em></span> <span class='ocrx_word' id='word_1_17' title='bbox 274 600 392 659; x_wconf 85' lang='lat' dir='ltr'><em>inimici</em></span> <span class='ocrx_word' id='word_1_18' title='bbox 410 604 478 673; x_wconf 80' lang='lat' dir='ltr'><em>alq,·</em></span> <span class='ocrx_word' id='word_1_19' title='bbox 506 602 583 658; x_wconf 89' lang='lat' dir='ltr'><em>irati</em></span> <span class='ocrx_word' id='word_1_20' title='bbox 602 557 623 659; x_wconf 64' lang='lat' dir='ltr'><em>t&#39;.</em></span> <span class='ocrx_word' id='word_1_21' title='bbox 692 593 756 682; x_wconf 83' lang='lat'>[53]</span> <span class='ocrx_word' id='word_1_22' title='bbox 787 599 884 659; x_wconf 80' lang='lat' dir='ltr'><em>Crede</em></span> <span class='ocrx_word' id='word_1_23' title='bbox 904 601 1007 660; x_wconf 84' lang='lat' dir='ltr'><em>ltercle</em></span> <span class='ocrx_word' id='word_1_24' title='bbox 1034 607 1063 659; x_wconf 90' lang='lat' dir='ltr'><em>te</em></span> <span class='ocrx_word' id='word_1_25' title='bbox 1081 601 1228 674; x_wconf 78' lang='lat' dir='ltr'><em>paudere.</em></span> 
     </span>
    </p>
   </div>
   <div class='ocr_carea' id='block_1_4' title="bbox 65 694 1231 945">
    <p class='ocr_par' dir='ltr' id='par_1_4' title="bbox 65 694 1231 945">
     <span class='ocr_line' id='line_1_4' title="bbox 65 694 1229 811; baseline -0.002 -17"><span class='ocrx_word' id='word_1_26' title='bbox 65 694 117 809; x_wconf 60' lang='lat' dir='ltr'><em>sia</em></span> <span class='ocrx_word' id='word_1_27' title='bbox 150 751 182 793; x_wconf 81' lang='lat' dir='ltr'><em>m</em></span> <span class='ocrx_word' id='word_1_28' title='bbox 213 736 293 794; x_wconf 80' lang='lat' dir='ltr'><em>mali</em></span> <span class='ocrx_word' id='word_1_29' title='bbox 317 733 345 793; x_wconf 79' lang='grc' dir='ltr'><em>ἒ.</em></span> <span class='ocrx_word' id='word_1_30' title='bbox 390 733 532 795; x_wconf 78' lang='lat' dir='ltr'><em>Omuiltus</em></span> <span class='ocrx_word' id='word_1_31' title='bbox 564 737 670 795; x_wconf 86' lang='lat' dir='ltr'><em>amieis</em></span> <span class='ocrx_word' id='word_1_32' title='bbox 703 736 785 810; x_wconf 79' lang='lat' dir='ltr'><em>quod</em></span> <span class='ocrx_word' id='word_1_33' title='bbox 811 736 930 795; x_wconf 78' lang='lat' dir='ltr'><em>micuist</em></span> <span class='ocrx_word' id='word_1_34' title='bbox 962 738 1054 811; x_wconf 89' lang='lat' dir='ltr'><em>cupio</em></span> <span class='ocrx_word' id='word_1_35' title='bbox 1081 752 1143 796; x_wconf 89' lang='lat' dir='ltr'><em>esse</em></span> <span class='ocrx_word' id='word_1_36' title='bbox 1171 735 1229 796; x_wconf 77' lang='lat' dir='ltr'><em>idi.</em></span> 
     </span>
     <span class='ocr_line' id='line_1_5' title="bbox 69 830 1231 945; baseline 0.002 -16"><span class='ocrx_word' id='word_1_37' title='bbox 69 870 145 929; x_wconf 75' lang='lat' dir='ltr'><em>Elio</em></span> <span class='ocrx_word' id='word_1_38' title='bbox 175 877 234 929; x_wconf 87' lang='lat' dir='ltr'><em>tua</em></span> <span class='ocrx_word' id='word_1_39' title='bbox 259 886 343 929; x_wconf 77' lang='lat' dir='ltr'><em>uxor</em></span> <span class='ocrx_word' id='word_1_40' title='bbox 371 871 447 945; x_wconf 85' lang='lat' dir='ltr'><em>quid</em></span> <span class='ocrx_word' id='word_1_41' title='bbox 471 872 558 945; x_wconf 74' lang='lat' dir='ltr'><em>opit?</em></span> <span class='ocrx_word' id='word_1_42' title='bbox 594 872 770 931; x_wconf 84' lang='lat' dir='ltr'><em>immortalis</em></span> <span class='ocrx_word' id='word_1_43' title='bbox 798 870 830 931; x_wconf 81' lang='lat' dir='ltr'><em>d.</em></span> <span class='ocrx_word' id='word_1_44' title='bbox 861 873 937 932; x_wconf 88' lang='lat' dir='ltr'><em>uiuit</em></span> <span class='ocrx_word' id='word_1_45' title='bbox 962 830 1135 931; x_wconf 61' lang='lat' dir='ltr'><em>uicturaq&#39;t.</em></span> <span class='ocrx_word' id='word_1_46' title='bbox 1182 871 1231 931; x_wconf 76' lang='lat' dir='ltr'><em>Bit</em></span> 
     </span>
    </p>
   </div>
   <div class='ocr_carea' id='block_1_5' title="bbox 67 980 1233 1183">
    <p class='ocr_par' dir='ltr' id='par_1_5' title="bbox 67 980 1233 1183">
     <span class='ocr_line' id='line_1_6' title="bbox 67 980 1232 1067; baseline 0.002 -27"><span class='ocrx_word' id='word_1_47' title='bbox 67 982 184 1040; x_wconf 77' lang='lat' dir='ltr'><em>liercle</em></span> <span class='ocrx_word' id='word_1_48' title='bbox 207 982 347 1039; x_wconf 81' lang='lat' dir='ltr'><em>nuncies.</em></span> <span class='ocrx_word' id='word_1_49' title='bbox 370 980 486 1056; x_wconf 55' lang='lat' dir='ltr'><em>lirosa·</em></span> <span class='ocrx_word' id='word_1_50' title='bbox 515 997 569 1042; x_wconf 89' lang='lat' dir='ltr'><em>ara</em></span> <span class='ocrx_word' id='word_1_51' title='bbox 590 988 624 1041; x_wconf 89' lang='lat' dir='ltr'><em>ut</em></span> <span class='ocrx_word' id='word_1_52' title='bbox 646 983 709 1065; x_wconf 73' lang='lat' dir='ltr'><em>uite</em></span> <span class='ocrx_word' id='word_1_53' title='bbox 729 988 783 1067; x_wconf 72' lang='lat' dir='ltr'><em>tue</em></span> <span class='ocrx_word' id='word_1_54' title='bbox 808 988 961 1057; x_wconf 85' lang='lat' dir='ltr'><em>superstes</em></span> <span class='ocrx_word' id='word_1_55' title='bbox 986 989 1138 1058; x_wconf 82' lang='lat' dir='ltr'><strong><em>suppetat.</em></strong></span> <span class='ocrx_word' id='word_1_56' title='bbox 1183 981 1232 1042; x_wconf 80' lang='lat' dir='ltr'><em>Di</em></span> 
     </span>
     <span class='ocr_line' id='line_1_7' title="bbox 68 1090 1233 1183; baseline 0.002 -34"><span class='ocrx_word' id='word_1_57' title='bbox 68 1091 202 1167; x_wconf 72' lang='lat' dir='ltr'><em>quidem</em></span> <span class='ocrx_word' id='word_1_58' title='bbox 237 1090 341 1150; x_wconf 78' lang='lat' dir='ltr'><em>hercle</em></span> <span class='ocrx_word' id='word_1_59' title='bbox 371 1090 439 1152; x_wconf 75' lang='lat' dir='ltr'><em>ceca</em></span> <span class='ocrx_word' id='word_1_60' title='bbox 470 1101 567 1168; x_wconf 84' lang='lat' dir='ltr'><em>nupta</em></span> <span class='ocrx_word' id='word_1_61' title='bbox 599 1095 648 1152; x_wconf 86' lang='lat' dir='ltr'><em>sit.</em></span> <span class='ocrx_word' id='word_1_62' title='bbox 689 1109 764 1151; x_wconf 87' lang='lat' dir='ltr'><em>saue</em></span> <span class='ocrx_word' id='word_1_63' title='bbox 790 1091 865 1151; x_wconf 84' lang='lat' dir='ltr'><em>ueli.</em></span> <span class='ocrx_word' id='word_1_64' title='bbox 927 1091 1149 1183; x_wconf 75' lang='lat' dir='ltr'><em>l&#39;inimalera’?</em></span> <span class='ocrx_word' id='word_1_65' title='bbox 1180 1094 1233 1153; x_wconf 81' lang='lat' dir='ltr'><em>tuit</em></span> 
     </span>
    </p>
   </div>
   <div class='ocr_carea' id='block_1_6' title="bbox 68 1186 1229 1427">
    <p class='ocr_par' dir='ltr' id='par_1_6' title="bbox 68 1186 1229 1427">
     <span class='ocr_line' id='line_1_8' title="bbox 68 1186 1229 1312; baseline 0.001 -25"><span class='ocrx_word' id='word_1_66' title='bbox 68 1244 133 1302; x_wconf 78' lang='lat' dir='ltr'><em>eoo</em></span> <span class='ocrx_word' id='word_1_67' title='bbox 159 1225 246 1287; x_wconf 77' lang='lat' dir='ltr'><em>docui</em></span> <span class='ocrx_word' id='word_1_68' title='bbox 266 1228 293 1297; x_wconf 62' lang='lat' dir='ltr'><em>d</em></span> <span class='ocrx_word' id='word_1_69' title='bbox 313 1233 348 1287; x_wconf 85' lang='lat' dir='ltr'><em>lu</em></span> <span class='ocrx_word' id='word_1_70' title='bbox 369 1224 445 1288; x_wconf 82' lang='lat' dir='ltr'><em>med.</em></span> <span class='ocrx_word' id='word_1_71' title='bbox 465 1226 548 1300; x_wconf 83' lang='lat' dir='ltr'><em>saxo</em></span> <span class='ocrx_word' id='word_1_72' title='bbox 563 1229 638 1289; x_wconf 76' lang='lat' dir='ltr'><em>haul</em></span> <span class='ocrx_word' id='word_1_73' title='bbox 658 1227 782 1288; x_wconf 74' lang='lat' dir='ltr'><em>tantilli</em></span> <span class='ocrx_word' id='word_1_74' title='bbox 803 1229 923 1287; x_wconf 89' lang='lat' dir='ltr'><em>dederis</em></span> <span class='ocrx_word' id='word_1_75' title='bbox 944 1229 1039 1288; x_wconf 74' lang='lat' dir='ltr'><em>uerat</em></span> <span class='ocrx_word' id='word_1_76' title='bbox 1066 1186 1104 1288; x_wconf 58' lang='lat' dir='ltr'><em>iu.</em></span> <span class='ocrx_word' id='word_1_77' title='bbox 1165 1221 1229 1312; x_wconf 97' lang='grc'>[67]</span> 
     </span>
     <span class='ocr_line' id='line_1_9' title="bbox 73 1332 1228 1427; baseline 0.003 -32"><span class='ocrx_word' id='word_1_78' title='bbox 73 1338 164 1427; x_wconf 68' lang='lat' dir='ltr'><em>9de</em></span> <span class='ocrx_word' id='word_1_79' title='bbox 185 1338 296 1397; x_wconf 82' lang='lat' dir='ltr'><em>uenis?</em></span> <span class='ocrx_word' id='word_1_80' title='bbox 328 1338 424 1397; x_wconf 85' lang='lat' dir='ltr'><em>Malis</em></span> <span class='ocrx_word' id='word_1_81' title='bbox 445 1344 474 1397; x_wconf 90' lang='lat' dir='ltr'><em>te</em></span> <span class='ocrx_word' id='word_1_82' title='bbox 495 1345 529 1398; x_wconf 89' lang='lat' dir='ltr'><em>ut</em></span> <span class='ocrx_word' id='word_1_83' title='bbox 550 1339 650 1399; x_wconf 81' lang='lat' dir='ltr'><em>uerbis</em></span> <span class='ocrx_word' id='word_1_84' title='bbox 671 1340 771 1399; x_wconf 85' lang='lat' dir='ltr'><em>mullis</em></span> <span class='ocrx_word' id='word_1_85' title='bbox 792 1341 916 1399; x_wconf 85' lang='lat' dir='ltr'><em>multam</em></span> <span class='ocrx_word' id='word_1_86' title='bbox 939 1334 1074 1413; x_wconf 64' lang='lat' dir='ltr'><em>obturari.</em></span> <span class='ocrx_word' id='word_1_87' title='bbox 1164 1332 1228 1422; x_wconf 96' lang='grc'>[78]</span> 
     </span>
    </p>
   </div>
   <div class='ocr_carea' id='block_1_7' title="bbox 53 1432 1232 2245">
    <p class='ocr_par' dir='ltr' id='par_1_7' title="bbox 53 1432 1232 2245">
     <span class='ocr_line' id='line_1_10' title="bbox 53 1432 1231 1550; baseline 0 -17"><span class='ocrx_word' id='word_1_88' title='bbox 53 1432 124 1545; x_wconf 62' lang='lat' dir='ltr'><em>sid</em></span> <span class='ocrx_word' id='word_1_89' title='bbox 149 1441 231 1533; x_wconf 64' lang='lat' dir='ltr'><em>ausis</em></span> <span class='ocrx_word' id='word_1_90' title='bbox 251 1474 344 1534; x_wconf 81' lang='lat' dir='ltr'><em>honos</em></span> <span class='ocrx_word' id='word_1_91' title='bbox 371 1474 503 1549; x_wconf 82' lang='lat' dir='ltr'><em>bonasq;</em></span> <span class='ocrx_word' id='word_1_92' title='bbox 533 1477 690 1535; x_wconf 90' lang='lat' dir='ltr'><em>adcurare</em></span> <span class='ocrx_word' id='word_1_93' title='bbox 718 1477 855 1536; x_wconf 80' lang='lat' dir='ltr'><em>addecet.</em></span> <span class='ocrx_word' id='word_1_94' title='bbox 894 1472 1070 1549; x_wconf 63' lang='lat' dir='ltr'><em>Suspicione*</em></span> <span class='ocrx_word' id='word_1_95' title='bbox 1092 1476 1118 1546; x_wconf 64' lang='grc' dir='ltr'><strong><em>ά</em></strong></span> <span class='ocrx_word' id='word_1_96' title='bbox 1140 1473 1231 1550; x_wconf 76' lang='lat' dir='ltr'><em>culpi</em></span> 
     </span>
     <span class='ocr_line' id='line_1_11' title="bbox 71 1560 1232 1671; baseline 0.002 -20"><span class='ocrx_word' id='word_1_97' title='bbox 71 1602 107 1651; x_wconf 88' lang='lat' dir='ltr'><em>ut</em></span> <span class='ocrx_word' id='word_1_98' title='bbox 137 1560 233 1669; x_wconf 58' lang='lat' dir='ltr'><em>erfrste</em></span> <span class='ocrx_word' id='word_1_99' title='bbox 252 1601 420 1667; x_wconf 79' lang='lat' dir='ltr'><em>seprepeut.</em></span> <span class='ocrx_word' id='word_1_100' title='bbox 459 1561 491 1654; x_wconf 57' lang='lat' dir='ltr'><em>d</em></span> <span class='ocrx_word' id='word_1_101' title='bbox 513 1591 578 1670; x_wconf 65' lang='lat' dir='ltr'><em>pat*</em></span> <span class='ocrx_word' id='word_1_102' title='bbox 599 1593 708 1669; x_wconf 79' lang='lat' dir='ltr'><em>uirdq,·</em></span> <span class='ocrx_word' id='word_1_103' title='bbox 734 1596 813 1667; x_wconf 77' lang='lat' dir='ltr'><em>fieri.</em></span> <span class='ocrx_word' id='word_1_104' title='bbox 856 1593 1070 1671; x_wconf 78' lang='lat' dir='ltr'><em>Quapropter?</em></span> <span class='ocrx_word' id='word_1_105' title='bbox 1105 1590 1232 1668; x_wconf 67' lang='lat' dir='ltr'><em>liaeus?</em></span> 
     </span>
     <span class='ocr_line' id='line_1_12' title="bbox 73 1697 1228 1780; baseline 0.001 -17"><span class='ocrx_word' id='word_1_106' title='bbox 73 1704 124 1763; x_wconf 72' lang='lat' dir='ltr'><em>‚Vc</em></span> <span class='ocrx_word' id='word_1_107' title='bbox 155 1697 292 1764; x_wconf 84' lang='lat' dir='ltr'><em>admutd</em></span> <span class='ocrx_word' id='word_1_108' title='bbox 312 1702 419 1779; x_wconf 71' lang='lat' dir='ltr'><em>culpi.</em></span> <span class='ocrx_word' id='word_1_109' title='bbox 450 1721 506 1778; x_wconf 75' lang='lat' dir='ltr'><em>epo</em></span> <span class='ocrx_word' id='word_1_110' title='bbox 533 1722 597 1764; x_wconf 87' lang='lat' dir='ltr'><em>mco</em></span> <span class='ocrx_word' id='word_1_111' title='bbox 624 1703 659 1765; x_wconf 78' lang='lat' dir='ltr'><em>sir</em></span> <span class='ocrx_word' id='word_1_112' title='bbox 678 1721 769 1779; x_wconf 78' lang='lat' dir='ltr'><em>patus</em></span> <span class='ocrx_word' id='word_1_113' title='bbox 790 1707 921 1780; x_wconf 80' lang='lat' dir='ltr'><em>pectori.</em></span> <span class='ocrx_word' id='word_1_114' title='bbox 960 1703 1101 1778; x_wconf 81' lang='lat' dir='ltr'><em>Suspicio</em></span> <span class='ocrx_word' id='word_1_115' title='bbox 1129 1712 1172 1763; x_wconf 86' lang='lat' dir='ltr'><em>est</em></span> <span class='ocrx_word' id='word_1_116' title='bbox 1198 1707 1228 1764; x_wconf 87' lang='lat' dir='ltr'><em>iu</em></span> 
     </span>
     <span class='ocr_line' id='line_1_13' title="bbox 69 1808 1231 1897; baseline -0.003 -22"><span class='ocrx_word' id='word_1_117' title='bbox 69 1824 208 1892; x_wconf 76' lang='lat' dir='ltr'><em>pectore</em></span> <span class='ocrx_word' id='word_1_118' title='bbox 235 1815 336 1874; x_wconf 87' lang='lat' dir='ltr'><em>alicua</em></span> <span class='ocrx_word' id='word_1_119' title='bbox 363 1816 433 1874; x_wconf 85' lang='lat' dir='ltr'><em>sila.</em></span> <span class='ocrx_word' id='word_1_120' title='bbox 480 1808 544 1897; x_wconf 93' lang='grc'>[87]</span> <span class='ocrx_word' id='word_1_121' title='bbox 576 1814 634 1885; x_wconf 75' lang='lat' dir='ltr'><em>Oui</em></span> <span class='ocrx_word' id='word_1_122' title='bbox 654 1824 688 1875; x_wconf 88' lang='lat' dir='ltr'><em>tu</em></span> <span class='ocrx_word' id='word_1_123' title='bbox 710 1817 742 1874; x_wconf 85' lang='lat' dir='ltr'><em>id</em></span> <span class='ocrx_word' id='word_1_124' title='bbox 760 1816 888 1891; x_wconf 72' lang='lat' dir='ltr'><em>piribere</em></span> <span class='ocrx_word' id='word_1_125' title='bbox 909 1832 955 1874; x_wconf 87' lang='lat' dir='ltr'><em>me</em></span> <span class='ocrx_word' id='word_1_126' title='bbox 973 1820 1060 1889; x_wconf 84' lang='lat' dir='ltr'><em>pales</em></span> <span class='ocrx_word' id='word_1_127' title='bbox 1081 1831 1118 1873; x_wconf 88' lang='lat' dir='ltr'><em>ue</em></span> <span class='ocrx_word' id='word_1_128' title='bbox 1150 1809 1231 1892; x_wconf 83' lang='lat' dir='ltr'><em>(dies</em></span> 
     </span>
     <span class='ocr_line' id='line_1_14' title="bbox 72 1899 1231 2018; baseline 0 -27"><span class='ocrx_word' id='word_1_129' title='bbox 72 1929 178 1993; x_wconf 80' lang='lat' dir='ltr'><em>Wort</em></span> <span class='ocrx_word' id='word_1_130' title='bbox 201 1929 239 1992; x_wconf 89' lang='lat' dir='ltr'><em>in</em></span> <span class='ocrx_word' id='word_1_131' title='bbox 262 1927 381 2013; x_wconf 83' lang='lat' dir='ltr'><em>Rasur)</em></span> <span class='ocrx_word' id='word_1_132' title='bbox 409 1935 555 2009; x_wconf 86' lang='lat' dir='ltr'><em>suspicer.</em></span> <span class='ocrx_word' id='word_1_133' title='bbox 633 1927 697 2018; x_wconf 86' lang='lat'>[91]</span> <span class='ocrx_word' id='word_1_134' title='bbox 727 1933 804 1995; x_wconf 85' lang='lat' dir='ltr'><em>Sunt</em></span> <span class='ocrx_word' id='word_1_135' title='bbox 825 1952 899 2010; x_wconf 79' lang='lat' dir='ltr'><em>quos</em></span> <span class='ocrx_word' id='word_1_136' title='bbox 925 1937 988 1994; x_wconf 87' lang='lat' dir='ltr'><em>scia</em></span> <span class='ocrx_word' id='word_1_137' title='bbox 1015 1899 1049 1993; x_wconf 65' lang='lat' dir='ltr'><em>ce</em></span> <span class='ocrx_word' id='word_1_138' title='bbox 1077 1935 1190 1992; x_wconf 86' lang='lat' dir='ltr'><em>amicas</em></span> <span class='ocrx_word' id='word_1_139' title='bbox 1216 1931 1231 1991; x_wconf 72' lang='lat' dir='ltr'><em>i</em></span> 
     </span>
     <span class='ocr_line' id='line_1_15' title="bbox 72 2042 1230 2121; baseline 0 -16"><span class='ocrx_word' id='word_1_140' title='bbox 72 2062 155 2121; x_wconf 75' lang='lat' dir='ltr'><em>auos</em></span> <span class='ocrx_word' id='word_1_141' title='bbox 176 2045 329 2118; x_wconf 85' lang='lat' dir='ltr'><em>suspicor.</em></span> <span class='ocrx_word' id='word_1_142' title='bbox 373 2042 451 2103; x_wconf 87' lang='lat' dir='ltr'><em>Sunt</em></span> <span class='ocrx_word' id='word_1_143' title='bbox 477 2061 603 2119; x_wconf 82' lang='lat' dir='ltr'><em>quarma</em></span> <span class='ocrx_word' id='word_1_144' title='bbox 632 2047 756 2119; x_wconf 78' lang='lat' dir='ltr'><em>iaaeuia</em></span> <span class='ocrx_word' id='word_1_145' title='bbox 784 2052 855 2119; x_wconf 76' lang='lat' dir='ltr'><em>ata:</em></span> <span class='ocrx_word' id='word_1_146' title='bbox 884 2047 1001 2104; x_wconf 80' lang='lat' dir='ltr'><em>animas</em></span> <span class='ocrx_word' id='word_1_147' title='bbox 1027 2043 1047 2103; x_wconf 81' lang='lat' dir='ltr'><em>it</em></span> <span class='ocrx_word' id='word_1_148' title='bbox 1059 2044 1155 2119; x_wconf 79' lang='lat' dir='ltr'><em>possi</em></span> <span class='ocrx_word' id='word_1_149' title='bbox 1178 2061 1230 2104; x_wconf 75' lang='lat' dir='ltr'><em>aa</em></span> 
     </span>
     <span class='ocr_line' id='line_1_16' title="bbox 72 2147 1230 2245; baseline -0.002 -29"><span class='ocrx_word' id='word_1_150' title='bbox 72 2172 175 2216; x_wconf 81' lang='lat' dir='ltr'><em>scere.</em></span> <span class='ocrx_word' id='word_1_151' title='bbox 217 2154 278 2245; x_wconf 33' lang='lat' dir='ltr'><em>&#39;Ad</em></span> <span class='ocrx_word' id='word_1_152' title='bbox 297 2155 390 2214; x_wconf 87' lang='lat' dir='ltr'><em>amici</em></span> <span class='ocrx_word' id='word_1_153' title='bbox 410 2153 505 2230; x_wconf 77' lang='lat' dir='ltr'><em>parti</em></span> <span class='ocrx_word' id='word_1_154' title='bbox 528 2172 569 2214; x_wconf 86' lang='lat' dir='ltr'><em>aa</em></span> <span class='ocrx_word' id='word_1_155' title='bbox 592 2157 635 2214; x_wconf 87' lang='lat' dir='ltr'><em>ad</em></span> <span class='ocrx_word' id='word_1_156' title='bbox 655 2156 771 2225; x_wconf 80' lang='lat' dir='ltr'><em>inimici</em></span> <span class='ocrx_word' id='word_1_157' title='bbox 786 2158 925 2229; x_wconf 82' lang='lat' dir='ltr'><em>pueuiat.</em></span> <span class='ocrx_word' id='word_1_158' title='bbox 995 2147 1059 2238; x_wconf 85' lang='lat'>[99]</span> <span class='ocrx_word' id='word_1_159' title='bbox 1085 2155 1230 2215; x_wconf 86' lang='lat' dir='ltr'><em>Maledic-</em></span> 
     </span>
    </p>
   </div>
   <div class='ocr_carea' id='block_1_8' title="bbox 74 2246 1231 2367">
    <p class='ocr_par' dir='ltr' id='par_1_8' title="bbox 74 2246 1231 2367">
     <span class='ocr_line' id='line_1_17' title="bbox 74 2246 1231 2367; baseline -0.001 -16"><span class='ocrx_word' id='word_1_160' title='bbox 74 2246 221 2353; x_wconf 75' lang='lat' dir='ltr'><em>tiloturt⁸</em></span> <span class='ocrx_word' id='word_1_161' title='bbox 242 2291 333 2363; x_wconf 77' lang='lat' dir='ltr'><em>uolua</em></span> <span class='ocrx_word' id='word_1_162' title='bbox 354 2293 385 2350; x_wconf 85' lang='lat' dir='ltr'><em>ia</em></span> <span class='ocrx_word' id='word_1_163' title='bbox 407 2292 573 2358; x_wconf 84' lang='lat' dir='ltr'><em>sermonib;</em></span> <span class='ocrx_word' id='word_1_164' title='bbox 604 2290 704 2366; x_wconf 82' lang='lat' dir='ltr'><em>Turpi</em></span> <span class='ocrx_word' id='word_1_165' title='bbox 723 2293 804 2351; x_wconf 87' lang='lat' dir='ltr'><em>lueri</em></span> <span class='ocrx_word' id='word_1_166' title='bbox 829 2291 943 2367; x_wconf 80' lang='lat' dir='ltr'><em>cupidi</em></span> <span class='ocrx_word' id='word_1_167' title='bbox 965 2299 995 2351; x_wconf 90' lang='lat' dir='ltr'><em>te</em></span> <span class='ocrx_word' id='word_1_168' title='bbox 1016 2299 1128 2351; x_wconf 88' lang='lat' dir='ltr'><em>uacant</em></span> <span class='ocrx_word' id='word_1_169' title='bbox 1149 2295 1231 2352; x_wconf 89' lang='lat' dir='ltr'><em>ciues</em></span> 
     </span>
    </p>
   </div>
   <div class='ocr_carea' id='block_1_9' title="bbox 73 2375 1231 2942">
    <p class='ocr_par' dir='ltr' id='par_1_9' title="bbox 73 2375 1231 2942">
     <span class='ocr_line' id='line_1_18' title="bbox 73 2375 1231 2494; baseline 0 -23"><span class='ocrx_word' id='word_1_170' title='bbox 73 2414 132 2471; x_wconf 83' lang='lat' dir='ltr'><em>tui.</em></span> <span class='ocrx_word' id='word_1_171' title='bbox 168 2408 219 2471; x_wconf 76' lang='lat' dir='ltr'><em>Tu</em></span> <span class='ocrx_word' id='word_1_172' title='bbox 240 2375 332 2470; x_wconf 56' lang='grc'>(7575</span> <span class='ocrx_word' id='word_1_173' title='bbox 353 2412 409 2470; x_wconf 87' lang='lat' dir='ltr'><em>aiii</em></span> <span class='ocrx_word' id='word_1_174' title='bbox 429 2412 482 2485; x_wconf 76' lang='lat' dir='ltr'><em>aui</em></span> <span class='ocrx_word' id='word_1_175' title='bbox 501 2416 530 2469; x_wconf 89' lang='lat' dir='ltr'><em>ie</em></span> <span class='ocrx_word' id='word_1_176' title='bbox 545 2411 708 2470; x_wconf 75' lang='lat' dir='ltr'><em>uidlurium</em></span> <span class='ocrx_word' id='word_1_177' title='bbox 732 2417 852 2470; x_wconf 82' lang='lat' dir='ltr'><em>uacant.</em></span> <span class='ocrx_word' id='word_1_178' title='bbox 921 2402 1006 2494; x_wconf 82' lang='grc'>[145]</span> <span class='ocrx_word' id='word_1_179' title='bbox 1032 2411 1131 2472; x_wconf 72' lang='lat' dir='ltr'><em>illiciti</em></span> <span class='ocrx_word' id='word_1_180' title='bbox 1149 2412 1231 2486; x_wconf 80' lang='lat' dir='ltr'><em>quad</em></span> 
     </span>
     <span class='ocr_line' id='line_1_19' title="bbox 74 2512 1227 2603; baseline -0.002 -22"><span class='ocrx_word' id='word_1_181' title='bbox 74 2522 255 2581; x_wconf 76' lang='lat' dir='ltr'><em>credideris</em></span> <span class='ocrx_word' id='word_1_182' title='bbox 282 2538 379 2581; x_wconf 87' lang='lat' dir='ltr'><em>sumes</em></span> <span class='ocrx_word' id='word_1_183' title='bbox 406 2521 458 2580; x_wconf 83' lang='lat' dir='ltr'><em>uli</em></span> <span class='ocrx_word' id='word_1_184' title='bbox 478 2523 629 2596; x_wconf 82' lang='lat' dir='ltr'><em>posueris.</em></span> <span class='ocrx_word' id='word_1_185' title='bbox 698 2512 783 2603; x_wconf 84' lang='lat'>[148]</span> <span class='ocrx_word' id='word_1_186' title='bbox 812 2520 957 2580; x_wconf 85' lang='lat' dir='ltr'><em>Ausculto</em></span> <span class='ocrx_word' id='word_1_187' title='bbox 984 2523 1012 2580; x_wconf 87' lang='lat' dir='ltr'><em>si</em></span> <span class='ocrx_word' id='word_1_188' title='bbox 1035 2523 1111 2596; x_wconf 79' lang='lat' dir='ltr'><em>quid</em></span> <span class='ocrx_word' id='word_1_189' title='bbox 1132 2523 1227 2581; x_wconf 89' lang='lat' dir='ltr'><em>dicas.</em></span> 
     </span>
     <span class='ocr_line' id='line_1_20' title="bbox 74 2623 1228 2714; baseline -0.001 -23"><span class='ocrx_word' id='word_1_190' title='bbox 74 2632 116 2691; x_wconf 87' lang='lat' dir='ltr'><em>Si</em></span> <span class='ocrx_word' id='word_1_191' title='bbox 135 2640 246 2692; x_wconf 85' lang='lat' dir='ltr'><em>taceas</em></span> <span class='ocrx_word' id='word_1_192' title='bbox 267 2633 388 2707; x_wconf 77' lang='lat' dir='ltr'><em>loquar.</em></span> <span class='ocrx_word' id='word_1_193' title='bbox 457 2623 544 2714; x_wconf 85' lang='grc'>[160]</span> <span class='ocrx_word' id='word_1_194' title='bbox 573 2631 601 2690; x_wconf 84' lang='lat' dir='ltr'><em>P</em></span> <span class='ocrx_word' id='word_1_195' title='bbox 619 2632 665 2690; x_wconf 87' lang='lat' dir='ltr'><em>dii</em></span> <span class='ocrx_word' id='word_1_196' title='bbox 685 2632 868 2690; x_wconf 86' lang='lat' dir='ltr'><em>immortales</em></span> <span class='ocrx_word' id='word_1_197' title='bbox 889 2632 989 2691; x_wconf 81' lang='lat' dir='ltr'><em>uerbis</em></span> <span class='ocrx_word' id='word_1_198' title='bbox 1008 2634 1118 2706; x_wconf 85' lang='lat' dir='ltr'><em>paucis</em></span> <span class='ocrx_word' id='word_1_199' title='bbox 1141 2647 1228 2706; x_wconf 72' lang='lat' dir='ltr'><em>queam</em></span> 
     </span>
     <span class='ocr_line' id='line_1_21' title="bbox 73 2734 1229 2824; baseline -0.003 -21"><span class='ocrx_word' id='word_1_200' title='bbox 73 2745 141 2803; x_wconf 87' lang='lat' dir='ltr'><em>cito</em></span> <span class='ocrx_word' id='word_1_201' title='bbox 162 2744 261 2801; x_wconf 73' lang='lat' dir='ltr'><em>elisan</em></span> <span class='ocrx_word' id='word_1_202' title='bbox 279 2741 385 2815; x_wconf 77' lang='lat' dir='ltr'><em>fecisti</em></span> <span class='ocrx_word' id='word_1_203' title='bbox 404 2759 458 2801; x_wconf 86' lang='lat' dir='ltr'><em>me.</em></span> <span class='ocrx_word' id='word_1_204' title='bbox 483 2744 562 2801; x_wconf 91' lang='lat' dir='ltr'><em>alius</em></span> <span class='ocrx_word' id='word_1_205' title='bbox 583 2759 603 2799; x_wconf 94' lang='lat' dir='ltr'><em>a</em></span> <span class='ocrx_word' id='word_1_206' title='bbox 625 2749 654 2801; x_wconf 89' lang='lat' dir='ltr'><em>te</em></span> <span class='ocrx_word' id='word_1_207' title='bbox 676 2738 798 2801; x_wconf 73' lang='lat' dir='ltr'><em>sceaerd.</em></span> <span class='ocrx_word' id='word_1_208' title='bbox 868 2734 953 2824; x_wconf 83' lang='lat'><strong>[169]</strong></span> <span class='ocrx_word' id='word_1_209' title='bbox 978 2742 1147 2801; x_wconf 87' lang='lat' dir='ltr'><em>adesuriuit</em></span> <span class='ocrx_word' id='word_1_210' title='bbox 1167 2759 1229 2801; x_wconf 72' lang='lat' dir='ltr'><em>aaa·</em></span> 
     </span>
     <span class='ocr_line' id='line_1_22' title="bbox 73 2850 1228 2942; baseline 0 -30"><span class='ocrx_word' id='word_1_211' title='bbox 73 2858 126 2929; x_wconf 77' lang='lat' dir='ltr'><em>pis</em></span> <span class='ocrx_word' id='word_1_212' title='bbox 148 2862 179 2913; x_wconf 84' lang='lat' dir='ltr'><em>ct</em></span> <span class='ocrx_word' id='word_1_213' title='bbox 201 2854 336 2913; x_wconf 78' lang='lat' dir='ltr'><em>ialtiauit</em></span> <span class='ocrx_word' id='word_1_214' title='bbox 357 2856 468 2913; x_wconf 72' lang='lat' dir='ltr'><em>acrites.</em></span> <span class='ocrx_word' id='word_1_215' title='bbox 514 2853 619 2927; x_wconf 74' lang='lat' dir='ltr'><em>lupus</em></span> <span class='ocrx_word' id='word_1_216' title='bbox 647 2853 819 2912; x_wconf 75' lang='lat' dir='ltr'><em>Obseruauit</em></span> <span class='ocrx_word' id='word_1_217' title='bbox 845 2850 887 2911; x_wconf 81' lang='lat' dir='ltr'><em>dic</em></span> <span class='ocrx_word' id='word_1_218' title='bbox 908 2853 1109 2912; x_wconf 80' lang='lat' dir='ltr'><em>dormitarent</em></span> <span class='ocrx_word' id='word_1_219' title='bbox 1129 2870 1228 2942; x_wconf 77' lang='lat' dir='ltr'><em>cauas.</em></span> 
     </span>
    </p>
   </div>
   <div class='ocr_carea' id='block_1_10' title="bbox 63 2946 1233 4278">
    <p class='ocr_par' dir='ltr' id='par_1_10' title="bbox 64 2946 1233 3950">
     <span class='ocr_line' id='line_1_23' title="bbox 76 2946 1230 3074; baseline -0.004 -24"><span class='ocrx_word' id='word_1_220' title='bbox 76 2989 183 3065; x_wconf 73' lang='lat' dir='ltr'><em>drepe&#39;</em></span> <span class='ocrx_word' id='word_1_221' title='bbox 221 2988 365 3049; x_wconf 80' lang='lat' dir='ltr'><em>uniuersi</em></span> <span class='ocrx_word' id='word_1_222' title='bbox 393 2990 490 3049; x_wconf 87' lang='lat' dir='ltr'><em>uoluit</em></span> <span class='ocrx_word' id='word_1_223' title='bbox 523 2986 586 3047; x_wconf 77' lang='lat' dir='ltr'><em>tati</em></span> <span class='ocrx_word' id='word_1_224' title='bbox 619 2996 771 3047; x_wconf 86' lang='lat' dir='ltr'><em>auertere.</em></span> <span class='ocrx_word' id='word_1_225' title='bbox 817 2990 950 3048; x_wconf 84' lang='lat' dir='ltr'><em>Fecisset</em></span> <span class='ocrx_word' id='word_1_226' title='bbox 980 2990 1096 3063; x_wconf 84' lang='lat' dir='ltr'><em>edepol.</em></span> <span class='ocrx_word' id='word_1_227' title='bbox 1124 2946 1144 3047; x_wconf 68' lang='lat' dir='ltr'><em>a</em></span> <span class='ocrx_word' id='word_1_228' title='bbox 1172 2989 1230 3074; x_wconf 70' lang='lat' dir='ltr'><em>lter</em></span> 
     </span>
     <span class='ocr_line' id='line_1_24' title="bbox 75 3091 1231 3182; baseline -0.003 -21"><span class='ocrx_word' id='word_1_229' title='bbox 75 3097 161 3180; x_wconf 65' lang='lat' dir='ltr'><em>[dies</em></span> <span class='ocrx_word' id='word_1_230' title='bbox 186 3093 285 3157; x_wconf 82' lang='lat' dir='ltr'><em>Wort</em></span> <span class='ocrx_word' id='word_1_231' title='bbox 312 3094 347 3159; x_wconf 89' lang='lat' dir='ltr'><em>in</em></span> <span class='ocrx_word' id='word_1_232' title='bbox 375 3092 493 3179; x_wconf 82' lang='lat' dir='ltr'><em>Rasur)</em></span> <span class='ocrx_word' id='word_1_233' title='bbox 519 3091 679 3173; x_wconf 74' lang='lat' dir='ltr'><em>pseusissct</em></span> <span class='ocrx_word' id='word_1_234' title='bbox 704 3115 804 3159; x_wconf 84' lang='lat' dir='ltr'><em>cauas.</em></span> <span class='ocrx_word' id='word_1_235' title='bbox 873 3091 958 3182; x_wconf 91' lang='grc'>[199]</span> <span class='ocrx_word' id='word_1_236' title='bbox 984 3096 1071 3158; x_wconf 80' lang='lat' dir='ltr'><em>Nicli</em></span> <span class='ocrx_word' id='word_1_237' title='bbox 1090 3098 1107 3157; x_wconf 78' lang='lat' dir='ltr'><em>i</em></span> <span class='ocrx_word' id='word_1_238' title='bbox 1125 3098 1231 3174; x_wconf 81' lang='lat' dir='ltr'><em>pfecto</em></span> 
     </span>
     <span class='ocr_line' id='line_1_25' title="bbox 72 3208 1228 3286; baseline -0.003 -15"><span class='ocrx_word' id='word_1_239' title='bbox 72 3213 241 3273; x_wconf 73' lang='lat' dir='ltr'><em>stultieius.</em></span> <span class='ocrx_word' id='word_1_240' title='bbox 266 3226 340 3285; x_wconf 81' lang='lat' dir='ltr'><em>aeq;</em></span> <span class='ocrx_word' id='word_1_241' title='bbox 363 3211 509 3269; x_wconf 85' lang='lat' dir='ltr'><em>stolidius.</em></span> <span class='ocrx_word' id='word_1_242' title='bbox 534 3210 618 3286; x_wconf 82' lang='lat' dir='ltr'><em>Ncq,·</em></span> <span class='ocrx_word' id='word_1_243' title='bbox 640 3211 909 3284; x_wconf 81' lang='lat' dir='ltr'><em>mendaciloquius.</em></span> <span class='ocrx_word' id='word_1_244' title='bbox 933 3226 1007 3283; x_wconf 82' lang='lat' dir='ltr'><em>ueq;</em></span> <span class='ocrx_word' id='word_1_245' title='bbox 1035 3208 1148 3283; x_wconf 72' lang='lat' dir='ltr'><em>arculis</em></span> <span class='ocrx_word' id='word_1_246' title='bbox 1167 3225 1228 3268; x_wconf 86' lang='lat' dir='ltr'><em>ma-</em></span> 
     </span>
     <span class='ocr_line' id='line_1_26' title="bbox 70 3320 1233 3397; baseline -0.005 -14"><span class='ocrx_word' id='word_1_247' title='bbox 70 3325 132 3397; x_wconf 76' lang='lat' dir='ltr'><em>ais.</em></span> <span class='ocrx_word' id='word_1_248' title='bbox 156 3322 248 3396; x_wconf 67' lang='lat' dir='ltr'><em>Nea:</em></span> <span class='ocrx_word' id='word_1_249' title='bbox 271 3321 562 3395; x_wconf 79' lang='lat' dir='ltr'><em>confidentiloquius.</em></span> <span class='ocrx_word' id='word_1_250' title='bbox 586 3338 642 3395; x_wconf 80' lang='lat' dir='ltr'><em>aeq</em></span> <span class='ocrx_word' id='word_1_251' title='bbox 649 3340 660 3388; x_wconf 89' lang='lat'><em>,·</em></span> <span class='ocrx_word' id='word_1_252' title='bbox 684 3322 842 3395; x_wconf 89' lang='lat' dir='ltr'><em>periurius</em></span> <span class='ocrx_word' id='word_1_253' title='bbox 863 3336 954 3396; x_wconf 77' lang='lat' dir='ltr'><em>quam</em></span> <span class='ocrx_word' id='word_1_254' title='bbox 978 3320 1088 3380; x_wconf 74' lang='lat' dir='ltr'><em>siriani</em></span> <span class='ocrx_word' id='word_1_255' title='bbox 1109 3321 1233 3379; x_wconf 88' lang='lat' dir='ltr'><em>adsidui</em></span> 
     </span>
     <span class='ocr_line' id='line_1_27' title="bbox 72 3422 1227 3514; baseline -0.005 -19"><span class='ocrx_word' id='word_1_256' title='bbox 72 3438 168 3495; x_wconf 84' lang='lat' dir='ltr'><em>ciues.</em></span> <span class='ocrx_word' id='word_1_257' title='bbox 195 3447 275 3507; x_wconf 79' lang='lat' dir='ltr'><em>quas</em></span> <span class='ocrx_word' id='word_1_258' title='bbox 295 3448 423 3491; x_wconf 89' lang='lat' dir='ltr'><em>scurras</em></span> <span class='ocrx_word' id='word_1_259' title='bbox 444 3437 563 3490; x_wconf 83' lang='lat' dir='ltr'><em>uocant.</em></span> <span class='ocrx_word' id='word_1_260' title='bbox 632 3422 717 3514; x_wconf 75' lang='lat'>[205]</span> <span class='ocrx_word' id='word_1_261' title='bbox 743 3430 799 3501; x_wconf 81' lang='lat' dir='ltr'><em>Qui</em></span> <span class='ocrx_word' id='word_1_262' title='bbox 819 3433 921 3490; x_wconf 85' lang='lat' dir='ltr'><em>amaia</em></span> <span class='ocrx_word' id='word_1_263' title='bbox 935 3448 967 3489; x_wconf 90' lang='lat' dir='ltr'><em>se</em></span> <span class='ocrx_word' id='word_1_264' title='bbox 980 3432 1126 3490; x_wconf 83' lang='lat' dir='ltr'><em>simulant</em></span> <span class='ocrx_word' id='word_1_265' title='bbox 1139 3433 1227 3489; x_wconf 85' lang='lat' dir='ltr'><em>scire.</em></span> 
     </span>
     <span class='ocr_line' id='line_1_28' title="bbox 71 3522 1232 3621; baseline -0.007 -16"><span class='ocrx_word' id='word_1_266' title='bbox 71 3547 284 3621; x_wconf 73' lang='lat' dir='ltr'><em>nequicquam</em></span> <span class='ocrx_word' id='word_1_267' title='bbox 306 3543 414 3601; x_wconf 82' lang='lat' dir='ltr'><em>sciunt.</em></span> <span class='ocrx_word' id='word_1_268' title='bbox 442 3522 502 3612; x_wconf 65' lang='lat' dir='ltr'><em>&#39;od</em></span> <span class='ocrx_word' id='word_1_269' title='bbox 523 3543 610 3616; x_wconf 84' lang='lat' dir='ltr'><em>quisq</em></span> <span class='ocrx_word' id='word_1_270' title='bbox 616 3560 627 3608; x_wconf 90' lang='lat'><em>;</em></span> <span class='ocrx_word' id='word_1_271' title='bbox 656 3543 688 3600; x_wconf 87' lang='lat' dir='ltr'><em>ia</em></span> <span class='ocrx_word' id='word_1_272' title='bbox 716 3543 817 3600; x_wconf 86' lang='lat' dir='ltr'><em>auimo</em></span> <span class='ocrx_word' id='word_1_273' title='bbox 844 3541 933 3600; x_wconf 78' lang='lat' dir='ltr'><em>ualet</em></span> <span class='ocrx_word' id='word_1_274' title='bbox 959 3548 1014 3600; x_wconf 88' lang='lat' dir='ltr'><em>aut</em></span> <span class='ocrx_word' id='word_1_275' title='bbox 1034 3541 1174 3600; x_wconf 79' lang='lat' dir='ltr'><em>ltalitur&#39;</em></span> <span class='ocrx_word' id='word_1_276' title='bbox 1198 3540 1232 3597; x_wconf 85' lang='lat' dir='ltr'><em>lu·</em></span> 
     </span>
     <span class='ocr_line' id='line_1_29' title="bbox 70 3649 1230 3727; baseline -0.007 -12"><span class='ocrx_word' id='word_1_277' title='bbox 70 3658 188 3715; x_wconf 80' lang='lat' dir='ltr'><em>sciunt.</em></span> <span class='ocrx_word' id='word_1_278' title='bbox 235 3650 346 3711; x_wconf 83' lang='lat' dir='ltr'><em>Sciunt</em></span> <span class='ocrx_word' id='word_1_279' title='bbox 373 3653 407 3710; x_wconf 92' lang='lat' dir='ltr'><em>id</em></span> <span class='ocrx_word' id='word_1_280' title='bbox 433 3653 515 3727; x_wconf 84' lang='lat' dir='ltr'><em>quad</em></span> <span class='ocrx_word' id='word_1_281' title='bbox 541 3653 573 3710; x_wconf 87' lang='lat' dir='ltr'><em>ia</em></span> <span class='ocrx_word' id='word_1_282' title='bbox 601 3668 705 3711; x_wconf 86' lang='lat' dir='ltr'><em>aurem</em></span> <span class='ocrx_word' id='word_1_283' title='bbox 733 3668 792 3710; x_wconf 83' lang='lat' dir='ltr'><em>rea</em></span> <span class='ocrx_word' id='word_1_284' title='bbox 823 3652 927 3726; x_wconf 75' lang='lat' dir='ltr'><em>rapine</em></span> <span class='ocrx_word' id='word_1_285' title='bbox 954 3653 1078 3710; x_wconf 84' lang='lat' dir='ltr'><em>dixerit.</em></span> <span class='ocrx_word' id='word_1_286' title='bbox 1124 3649 1230 3709; x_wconf 84' lang='lat' dir='ltr'><em>Sciunt</em></span> 
     </span>
     <span class='ocr_line' id='line_1_30' title="bbox 69 3757 1229 3846; baseline -0.008 -21"><span class='ocrx_word' id='word_1_287' title='bbox 69 3770 118 3843; x_wconf 80' lang='lat' dir='ltr'><em>qd</em></span> <span class='ocrx_word' id='word_1_288' title='bbox 139 3757 318 3846; x_wconf 66' lang='lat' dir='ltr'><em>(corrigia</em></span> <span class='ocrx_word' id='word_1_289' title='bbox 345 3778 401 3820; x_wconf 84' lang='lat' dir='ltr'><em>aus</em></span> <span class='ocrx_word' id='word_1_290' title='bbox 422 3760 478 3840; x_wconf 78' lang='lat' dir='ltr'><em>ad)</em></span> <span class='ocrx_word' id='word_1_291' title='bbox 508 3764 580 3821; x_wconf 88' lang='lat' dir='ltr'><em>iuaa</em></span> <span class='ocrx_word' id='word_1_292' title='bbox 603 3759 750 3833; x_wconf 79' lang='lat' dir='ltr'><em>salttclata</em></span> <span class='ocrx_word' id='word_1_293' title='bbox 776 3763 816 3820; x_wconf 90' lang='lat' dir='ltr'><em>sit</em></span> <span class='ocrx_word' id='word_1_294' title='bbox 837 3774 904 3822; x_wconf 88' lang='lat' dir='ltr'><em>cum</em></span> <span class='ocrx_word' id='word_1_295' title='bbox 926 3763 1002 3821; x_wconf 90' lang='lat' dir='ltr'><em>ioue.</em></span> <span class='ocrx_word' id='word_1_296' title='bbox 1052 3760 1133 3830; x_wconf 83' lang='lat' dir='ltr'><em>Ouac</em></span> <span class='ocrx_word' id='word_1_297' title='bbox 1155 3776 1229 3833; x_wconf 57' lang='lat' dir='ltr'><em>uem</em></span> 
     </span>
     <span class='ocr_line' id='line_1_31' title="bbox 64 3864 1227 3950; baseline -0.009 -12"><span class='ocrx_word' id='word_1_298' title='bbox 64 3876 190 3949; x_wconf 77' lang='lat' dir='ltr'><em>[utura</em></span> <span class='ocrx_word' id='word_1_299' title='bbox 212 3889 293 3949; x_wconf 55' lang='lat' dir='ltr'><em>aem</em></span> <span class='ocrx_word' id='word_1_300' title='bbox 318 3870 508 3944; x_wconf 77' lang='lat' dir='ltr'><em>factasunt.</em></span> <span class='ocrx_word' id='word_1_301' title='bbox 534 3864 596 3932; x_wconf 69' lang='lat' dir='ltr'><em>tara</em></span> <span class='ocrx_word' id='word_1_302' title='bbox 621 3873 669 3931; x_wconf 87' lang='lat' dir='ltr'><em>illi</em></span> <span class='ocrx_word' id='word_1_303' title='bbox 695 3866 776 3950; x_wconf 83' lang='lat' dir='ltr'><em>(dies</em></span> <span class='ocrx_word' id='word_1_304' title='bbox 798 3866 894 3931; x_wconf 72' lang='lat' dir='ltr'><em>Wort</em></span> <span class='ocrx_word' id='word_1_305' title='bbox 915 3868 950 3931; x_wconf 89' lang='lat' dir='ltr'><em>in</em></span> <span class='ocrx_word' id='word_1_306' title='bbox 972 3866 1092 3950; x_wconf 80' lang='lat' dir='ltr'><em>Rasur)</em></span> <span class='ocrx_word' id='word_1_307' title='bbox 1119 3872 1227 3928; x_wconf 87' lang='lat' dir='ltr'><em>sciunt.</em></span> 
     </span>
    </p>

    <p class='ocr_par' dir='ltr' id='par_1_11' title="bbox 63 3976 1231 4278">
     <span class='ocr_line' id='line_1_32' title="bbox 135 3976 1227 4071; baseline -0.006 -26"><span class='ocrx_word' id='word_1_308' title='bbox 135 3976 234 4071; x_wconf 85' lang='grc'>[236]</span> <span class='ocrx_word' id='word_1_309' title='bbox 266 3985 387 4042; x_wconf 79' lang='lat' dir='ltr'><em>Amoris</em></span> <span class='ocrx_word' id='word_1_310' title='bbox 421 3986 498 4043; x_wconf 88' lang='lat' dir='ltr'><em>artis</em></span> <span class='ocrx_word' id='word_1_311' title='bbox 529 3984 665 4057; x_wconf 79' lang='lat' dir='ltr'><em>eloquar.</em></span> <span class='ocrx_word' id='word_1_312' title='bbox 703 3999 789 4057; x_wconf 82' lang='lat' dir='ltr'><em>quem</em></span> <span class='ocrx_word' id='word_1_313' title='bbox 824 3984 867 4041; x_wconf 89' lang='lat' dir='ltr'><em>ad</em></span> <span class='ocrx_word' id='word_1_314' title='bbox 898 3982 1017 4042; x_wconf 75' lang='lat' dir='ltr'><em>modium</em></span> <span class='ocrx_word' id='word_1_315' title='bbox 1052 3982 1227 4055; x_wconf 77' lang='lat' dir='ltr'><em>expediant.</em></span> 
     </span>
     <span class='ocr_line' id='line_1_33' title="bbox 66 4063 1230 4173; baseline -0.008 -15"><span class='ocrx_word' id='word_1_316' title='bbox 66 4098 257 4173; x_wconf 69' lang='lat' dir='ltr'><em>Numquam</em></span> <span class='ocrx_word' id='word_1_317' title='bbox 291 4109 378 4153; x_wconf 88' lang='lat' dir='ltr'><em>amor</em></span> <span class='ocrx_word' id='word_1_318' title='bbox 409 4063 498 4168; x_wconf 56' lang='lat' dir='ltr'><em>ddrt‘</em></span> <span class='ocrx_word' id='word_1_319' title='bbox 525 4090 639 4168; x_wconf 75' lang='lat' dir='ltr'><em>cupidis</em></span> <span class='ocrx_word' id='word_1_320' title='bbox 670 4093 818 4151; x_wconf 78' lang='lat' dir='ltr'><em>homiaem</em></span> <span class='ocrx_word' id='word_1_321' title='bbox 842 4094 974 4152; x_wconf 82' lang='lat' dir='ltr'><em>Postulat</em></span> <span class='ocrx_word' id='word_1_322' title='bbox 1005 4109 1037 4151; x_wconf 90' lang='lat' dir='ltr'><em>se</em></span> <span class='ocrx_word' id='word_1_323' title='bbox 1063 4093 1094 4151; x_wconf 87' lang='lat' dir='ltr'><em>ia</em></span> <span class='ocrx_word' id='word_1_324' title='bbox 1116 4093 1230 4166; x_wconf 79' lang='lat' dir='ltr'><em>plapos</em></span> 
     </span>
     <span class='ocr_line' id='line_1_34' title="bbox 63 4182 1231 4278; baseline -0.011 -7"><span class='ocrx_word' id='word_1_325' title='bbox 63 4212 232 4271; x_wconf 79' lang='lat' dir='ltr'><em>conicere.</em></span> <span class='ocrx_word' id='word_1_326' title='bbox 262 4220 315 4263; x_wconf 88' lang='lat' dir='ltr'><em>eos</em></span> <span class='ocrx_word' id='word_1_327' title='bbox 340 4205 433 4278; x_wconf 89' lang='lat' dir='ltr'><em>cupit.</em></span> <span class='ocrx_word' id='word_1_328' title='bbox 463 4220 513 4264; x_wconf 87' lang='lat' dir='ltr'><em>eas</em></span> <span class='ocrx_word' id='word_1_329' title='bbox 540 4182 741 4263; x_wconf 76' lang='lat' dir='ltr'><em>consectatur.</em></span> <span class='ocrx_word' id='word_1_330' title='bbox 787 4203 917 4262; x_wconf 76' lang='lat' dir='ltr'><em>Subdola</em></span> <span class='ocrx_word' id='word_1_331' title='bbox 943 4204 1109 4261; x_wconf 79' lang='lat' dir='ltr'><em>blanditur.</em></span> <span class='ocrx_word' id='word_1_332' title='bbox 1139 4203 1174 4260; x_wconf 78' lang='lat' dir='ltr'><em>alt</em></span> <span class='ocrx_word' id='word_1_333' title='bbox 1196 4218 1231 4260; x_wconf 89' lang='lat' dir='ltr'><em>re</em></span> 
     </span>
    </p>
   </div>
   <div class='ocr_carea' id='block_1_11' title="bbox 63 4297 1228 4480">
    <p class='ocr_par' dir='ltr' id='par_1_12' title="bbox 63 4297 1228 4480">
     <span class='ocr_line' id='line_1_35' title="bbox 63 4297 1228 4480; baseline -0.011 -74"><span class='ocrx_word' id='word_1_334' title='bbox 63 4350 144 4429; x_wconf 77' lang='lat' dir='ltr'><em>(vor</em></span> <span class='ocrx_word' id='word_1_335' title='bbox 168 4337 233 4401; x_wconf 81' lang='lat' dir='ltr'><em>der</em></span> <span class='ocrx_word' id='word_1_336' title='bbox 249 4333 357 4399; x_wconf 78' lang='lat' dir='ltr'><em>Rasur</em></span> <span class='ocrx_word' id='word_1_337' title='bbox 378 4336 427 4421; x_wconf 79' lang='lat' dir='ltr'><em>ri)</em></span> <span class='ocrx_word' id='word_1_338' title='bbox 448 4340 588 4400; x_wconf 81' lang='lat' dir='ltr'><em>consulit.</em></span> <span class='ocrx_word' id='word_1_339' title='bbox 620 4297 898 4414; x_wconf 66' lang='lat' dir='ltr'><em>Blandilaqaeulil’</em></span> <span class='ocrx_word' id='word_1_340' title='bbox 921 4338 1063 4480; x_wconf 55' lang='lat' dir='ltr'><em>ltarlplapo</em></span> <span class='ocrx_word' id='word_1_341' title='bbox 1084 4339 1228 4396; x_wconf 72' lang='lat' dir='ltr'><em>sciendae.</em></span> 
     </span>
    </p>
   </div>
   <div class='ocr_carea' id='block_1_12' title="bbox 0 0 1456 5040">
    <p class='ocr_par' dir='ltr' id='par_1_13' title="bbox 0 0 1456 5040">
     <span class='ocr_line' id='line_1_36' title="bbox 0 0 1456 5040; baseline 0 0"><span class='ocrx_word' id='word_1_342' title='bbox 0 0 1456 5040; x_wconf 95' lang='lat' dir='ltr'><em> </em></span> 
     </span>
    </p>
   </div>
  </div>
 </body>
</html>
