2894 5040
139 294 202 359 376
422 309 662 371 qvnnsrrouns
685 311 992 361 noroenanmcan.

224 471 414 533 Cauraoavs.
458 471 604 547 Propera:
632 473 706 549 quid
729 474 811 533 stas?
834 492 947 533 arcesse
971 494 1075 552 agnos.
1098 476 1194 535 audin
1215 478 1287 554 quid

747 552 791 616 ait
812 558 971 635 Iuppiter?

223 644 419 703 Pssvnvnvs.
463 643 529 701 Iam
550 643 599 701 hic
614 662 679 701 ero:
704 663 807 703 verum
829 647 914 702 entra
934 646 1055 720 portam
1076 646 1205 706 Metiam
1226 666 1289 707 cur·

750 730 907 789 rendumst
929 731 1023 805 prius.

227 812 301 875 Can.
326 812 405 884 Quid
428 812 484 873 eo?
520 812 636 874 Psnvn.
660 814 757 873 lanios
779 815 849 873 inde
871 835 1018 876 arcessam
1042 817 1119 878 duos
1142 820 1292 878 011111ῐί11-

751 900 926 961 tinnabulis.

142 1050 357 1133 Eiusdemque
386 1051 499 1132 portae
521 1070 712 1132 quamquam
741 1070 808 1112 non
830 1049 1016 1115 nominatae
1039 1052 1174 1116 tertirnu
1198 1054 1296 1138 quod·

142 1160 215 1223 dam
242 1160 327 1244 apud
355 1161 491 1224 eundem
521 1162 651 1243 poetam
673 1158 853 1243 exemplum
876 1164 1001 1225 exstare
1024 1161 1131 1227 visum
1153 1166 1207 1228 est
1232 1162 1317 1229 lli-⁸

143 1270 231 1335 litis
254 1271 424 1355 gloriosi
450 1269 499 1353 ΙΙ,
522 1270 560 1353 4,
583 1270 603 1335 6
633 1268 737 1359 [359],
766 1270 821 1334 ubi
848 1268 930 1335 haec
957 1275 1034 1337 sunt
1060 1272 1299 1341 Palaestrionis

144 1382 195 1445 ad·
207 1380 389 1446 Seeledrum
410 1380 523 1446 verba:
1045 1415 1048 1419 ·

230 1521 327 1583 Credo
361 1526 417 1600 ego
446 1523 522 1582 istoc
548 1524 684 1600 exemplo
712 1524 769 1582 tibi
797 1544 860 1583 esso
888 1526 1019 1585 eundum
1046 1528 1189 1587 actutum
1217 1532 1304 1587 entra

752 1613 886 1684 portani,

230 1696 381 1771 Dispessis
403 1695 541 1754 manibus
564 1694 736 1769 patibulum
759 1715 826 1753 eum
847 1695 981 1754 habebis.

96 1842 125 1893 ll
147 1844 201 1910 Sic
222 1845 309 1909 enim
331 1842 412 1908 haec
435 1842 619 1928 vulgantur.
665 1842 772 1926 Atque
800 1841 851 1906 his
878 1843 982 1907 tribus
1011 1843 1212 1911 testimoniis
1242 1848 1304 1912 etsi

147 1940 260 2019 onmis¹
274 1954 392 2018 Metine
415 1938 528 2037 petitae
542 1940 583 2017 'et
603 1941 758 2016 anemoria
780 1957 813 2016 et
841 1938 919 2017 fides
948 1943 1152 2039 continetur,
1189 1960 1304 2023 tamen

147 2067 256 2131 mirari
280 2066 366 2148 lieet,
390 2064 566 2157 quodcum
590 2064 711 2146 priores
726 2062 831 2128 vrbis
854 2067 1057 2129 enarratores
1084 2066 1195 2132 Guido
1218 2066 1305 2133 Pau-

149 2176 278 2241 eirollus
301 2180 334 2240 et
357 2175 455 2240 Olaus
479 2173 664 2239 Borriehius
687 2175 777 2258 apud.
801 2173 988 2259 Graevium,
1017 2174 1138 2241 Lucius
1169 2176 1306 2245 Farmus

150 2291 182 2350 et
203 2286 304 2349 lulius
320 2283 499 2348 blinutulus
522 2284 606 2367 apud
627 2284 851 2369 Sallengerum
873 2288 907 2349 et
927 2285 1065 2350 fortasse
1088 2287 1146 2352 alii
1170 2310 1306 2373 prorsus

148 2396 238 2461 illam
261 2395 389 2459 silentio
418 2394 720 2478 praetermiserunt,
749 2397 817 2458 tuni
840 2417 948 2459 eorum
976 2396 1123 2480 quidam,
1155 2400 1215 2483 qui
1243 2400 1305 2467 hac

150 2510 256 2571 aetate
286 2505 451 2570 Romanae
484 2505 687 2589 antiquitatis
721 2506 895 2591 imaginem
924 2505 1082 2590 singulari
1110 2509 1224 2575 studio
1253 2532 1305 2575 ex·

150 2622 347 2703 presserunt,
370 2638 411 2680 nc
435 2618 531 2681 verbo
554 2616 692 2700 (pindum,
718 2638 773 2679 cnr
795 2617 922 2681 illorum
945 2618 1128 2701 exemplum
1144 2620 1209 2685 sibi
1235 2621 1306 2687 imi·

150 2729 285 2793 tandum
318 2729 545 2812 sumpsissent,
585 2727 821 2811 significarinrt.
877 2727 939 2792 Sal
971 2730 1008 2792 ut
1039 2729 1214 2795 mittamus
1251 2733 1307 2817 qui

151 2842 336 2903 tacuerunt:
374 2843 447 2923 post
469 2838 514 2902 lu.
539 2836 722 2921 Baptistanr
745 2837 837 2901 Pium
859 2837 966 2902 Plauti
989 2838 1226 2922 interpretem,
1251 2844 1305 2928 qui

146 2953 209 3012 *sirit
237 2972 253 3012 e
284 2953 402 3014 Naevia
433 2952 490 3013 alit
518 2950 596 3012 adeo
625 2971 642 3012 e
671 2954 794 3012 dlccm'c
822 2948 958 3032 (quadam
992 2947 1069 3032 (hnc
1095 2951 1186 3015 einim
1221 2954 1309 3018 valet

152 3059 236 3143 qnod
251 3059 307 3122 illo
322 3059 451 3123 nolente
467 3081 652 3143 expressum
676 3063 725 3122 est
746 3061 857 3137 metria)
882 3061 1062 3142 corruptam]
1079 3065 1179 3125 Melia
1203 3064 1310 3149 serip-

153 3174 259 3233 turam
292 3170 428 3253 putabat
455 3164 501 3233 et⁴
517 3192 588 3233 enm
617 3169 764 3232 columna
792 3168 936 3251 bissenis,
966 3175 1010 3233 ad
1035 3191 1127 3250 picam
1153 3176 1252 3248 sures
1280 3188 1310 3239 e!

153 3288 233 3346 servi
259 3302 387 3360 alequam
415 3286 586 3345 alllidre's
612 3285 797 3360 capitalibus
822 3287 928 3360 periuri
947 3287 1039 3357 soliti,
1069 3283 1197 3347 temere
1221 3284 1311 3349 allae

154 3392 242 3455 niam
264 3395 389 3474 portam
413 3392 616 3473 conferebat,
646 3391 684 3455 de
713 3390 782 3474 ipsa
811 3391 915 3454 foruna
942 3397 1037 3455 illelic
1064 3393 1214 3459 nominis
1244 3419 1312 3461 nou

155 3503 221 3567 fere
255 3501 435 3565 dubitatum
469 3506 534 3584 est,
568 3501 629 3565 nisi
657 3500 740 3585 quod
764 3499 932 3564 nonnulli
957 3506 1085 3565 illectam
1115 3504 1232 3586 potius
1261 3506 1314 3573 vel

157 3619 307 3678 illaeclam
330 3612 425 3675 scribi
450 3612 632 3676 voluerunt:
661 3610 763 3695 qualis
787 3633 865 3674 sane
887 3634 953 3674 uon
975 3610 1128 3695 frequens
1152 3618 1224 3699 est,
1256 3618 1314 3682 sed

159 3726 311 3787 constans
340 3722 493 3786 librorum
522 3745 598 3786 mss·
629 3721 856 3806 discrepantia.
901 3720 986 3784 Nam
1016 3744 1087 3785 enm
1116 3745 1136 3785 a
1167 3723 1315 3813 metim)

158 3833 302 3915 l'nll'etio²
326 3833 411 3897 Tulli
434 3832 565 3897 llostilii
588 3833 724 3917 aequali,
751 3832 923 3898 Seruianae
945 3834 1057 3914 portae
1079 3854 1207 3901 nomen
1231 3838 1316 3903 satis

226 4070 250 4137 *)
264 4072 351 4124 lmmo
363 4071 491 4126 Mettio.
516 4072 576 4135 Quo
595 4071 722 4140 spectaro
741 4070 858 4134 videtur,
878 4070 953 4138 quod
970 4070 1090 4124 sortasse
1104 4071 1244 4132 Meuium
1262 4094 1316 4147 po·

158 4163 213 4218 tius
232 4180 315 4231 quam
334 4165 447 4221 lllelium
467 4164 637 4234 appellatam
656 4180 716 4218 esse
735 4164 839 4217 Parcus
857 4162 1011 4217 adnotavit.
1049 4162 1127 4235 [Non
1145 4164 1208 4222 ullo
1227 4168 1316 4225 modo

159 4256 348 4311 reiectaneam
365 4256 453 4311 rideri
476 4260 581 4317 Illelr'us
600 4259 717 4311 sormam
740 4273 772 4311 ex
796 4256 835 4310 oia
851 4255 1031 4326 intellegetur
1049 4273 1123 4325 quae
1140 4258 1182 4313 ad
1202 4261 1315 4327 Quinti-

162 4349 268 4404 lianum
285 4367 374 4420 nuper
392 4351 573 4406 commentati
591 4369 685 4405 sumus
703 4349 792 4405 Musei
809 4350 898 4404 Rhea.
917 4350 936 4403 t.
955 4350 1032 4403 XXII
1049 4368 1076 4421 p.
1097 4350 1174 4423 602]
