2850 5032
209 253 274 314 atta
552 267 774 318 onossanrvn
797 270 1010 317 rnavrmvn.

210 423 242 483 et
265 420 477 484 Cistellariam
500 422 654 485 tractavit
677 423 833 507 integras.
879 423 930 485 Ad
953 421 1136 506 deperditas
1159 422 1249 486 enim
1271 442 1364 486 scae·

208 553 268 593 nas
290 530 536 613 Amphitruonis
559 538 748 597 clandestino
770 535 912 616 spectat,
948 534 987 596 ad
1010 531 1212 597 Cistellariae
1248 532 1362 615 deper-

210 640 294 704 ditas
317 662 427 704 omnes
449 645 516 705 tres
539 664 620 725 quae
643 643 676 706 in
700 642 891 726 glossarium
906 643 1108 706 transierunt
1123 663 1216 706 voces
1233 647 1362 706 nudius·

209 765 312 816 sertus
326 760 493 816 summatim
510 758 687 830 bent'pm'tcr.
716 752 760 816 Et
776 752 989 816 (listellariam
1004 751 1142 836 quidem,
1166 774 1204 816 ac
1219 752 1362 816 fortasse

210 861 496 945 Amphitruonem,
535 863 596 925 etsi
624 862 809 925 Priscianus
841 884 965 946 quoque
998 862 1143 947 integras
1176 861 1359 946 usurpavit,

210 975 319 1036 tamen
343 972 543 1035 Aululariam
577 975 609 1035 et
631 971 808 1035 Bacchides
841 973 925 1035 idem
959 971 1090 1035 mutilas
1122 975 1160 1035 ut
1181 993 1241 1036 nos
1263 971 1361 1035 hodie

210 1081 338 1146 habuit:
372 1083 454 1165 quod
478 1104 581 1166 genus
604 1104 707 1166 nuper
730 1082 911 1146 accuratius
934 1083 1094 1165 persecuti
1117 1104 1228 1147 sumus
1252 1082 1359 1146 Musei

211 1191 316 1255 Rhen.
339 1193 414 1256 novi
437 1197 461 1256 t.
478 1192 525 1256 IV
546 1215 578 1275 p.
601 1193 664 1256 568
688 1214 757 1276 sqq.
784 1193 881 1276 [infra
904 1192 988 1256 Diss.
1012 1191 1083 1281 vll.
1129 1192 1179 1256 Ex
1202 1214 1266 1277 quo
1288 1192 1359 1256 efli-

176 1316 189 1338 ·
212 1301 295 1365 citur
318 1301 497 1386 antiquiore
520 1324 615 1386 quam
630 1301 817 1366 Priscianea
839 1306 946 1366 aetate
962 1301 1148 1382 Plautinum
1163 1302 1359 1387 glossarium

213 1413 430 1495 conscriptum
453 1434 531 1477 esse.

297 1523 408 1607 Atque'
438 1544 525 1586 nnnc
558 1524 684 1587 demum
707 1523 818 1586 licebit
840 1523 879 1586 ad
901 1523 1005 1607 ipsam
1028 1523 1269 1588 enarrationem
1292 1524 1358 1588 sin·

212 1632 359 1715 galatum
389 1632 570 1717 glossarum
593 1634 760 1715 accedere,
795 1655 858 1717 qua
880 1655 1045 1716 speramus
1066 1634 1136 1697 sore
1159 1637 1194 1697 ut
1216 1633 1357 1718 aliquam

211 1743 321 1806 multis
354 1744 499 1807 versibus
535 1743 697 1807 Plautinis
731 1743 932 1828 aliquantum
964 1743 1014 1807 vel
1046 1743 1126 1807 lucis
1159 1743 1209 1808 vel
1243 1743 1359 1808 salutis

212 1854 374 1916 afferatur.
420 1852 481 1918 Sed
505 1852 589 1917 hanc
611 1874 727 1937 operae
749 1856 879 1916 nostrae
901 1863 1026 1937 partem
1049 1874 1121 1917 cum
1142 1875 1209 1917 non
1226 1855 1359 1939 capiant

211 1964 271 2027 hae
293 1963 452 2047 pagellae,
477 1964 658 2028 curabimus
682 1968 717 2027 ut
739 1964 821 2047 quod
844 1966 946 2027 restat
967 1962 1113 2046 proxima
1134 1964 1358 2048 prooemiandi

211 2077 244 2137 et
276 2095 332 2137 vos
366 2073 577 2156 compellandi
611 2073 853 2157 opportunitate
889 2072 1053 2137 vobiscum
1091 2075 1356 2139 communicetur.

213 2182 260 2264 [Id
295 2183 462 2247 eonsilium
490 2184 641 2267 quoniam
674 2187 744 2247 tum
766 2183 909 2247 muneris
931 2183 1106 2248 academici
1128 2184 1358 2269 occupationes

211 2296 473 2376 praeverterant,
509 2315 596 2356 nunc
629 2315 698 2357 eam
732 2299 858 2376 partem
891 2293 1074 2376 putavimus
1103 2315 1142 2358 ex
1165 2295 1358 2359 adversariis

211 2403 346 2483 nostris,
381 2403 415 2466 in
445 2403 559 2486 quibus
582 2402 638 2466 illa
661 2425 719 2486 per
740 2406 892 2487 quattuor
915 2403 1087 2468 lustrorum
1109 2403 1357 2470 diuturnitatem

212 2513 353 2595 delituit,
377 2514 585 2596 promendam
609 2534 707 2597 eoque
729 2514 813 2596 quod
837 2514 1039 2597 subsequitur
1062 2515 1206 2579 auctario
1234 2519 1358 2599 quanta

211 2624 279 2687 lieri
314 2624 471 2688 brevitate
494 2625 597 2706 potuit
620 2623 870 2707 exsequendam:
906 2626 1039 2688 mutatis
1066 2628 1175 2689 tamen
1199 2624 1358 2689 additisve

211 2755 294 2816 quae
327 2738 401 2817 post
434 2737 483 2797 tot
515 2756 672 2797 annorum
705 2736 844 2817 spatium
867 2756 935 2798 esse
958 2736 1113 2798 mutanda
1136 2735 1185 2798 vel
1209 2735 1357 2799 addenda

213 2843 439 2907 intelleximus.
497 2843 597 2907 Simul
632 2854 737 2908 autem
769 2844 845 2909 hinc
875 2845 1002 2908 veniam
1025 2848 1172 2927 paratam
1194 2845 1263 2909 fore
1278 2868 1356 2930 spe

211 2975 328 3036 ramae,
354 2954 380 3016 si
403 2954 480 3038 quid
503 2954 586 3017 forte
609 2976 729 3036 eorum,
753 2977 834 3038 quae
856 2977 894 3018 ex
917 2954 973 3018 illo
994 2959 1138 3038 ternpore
1153 2954 1277 3018 utiliter
1292 2956 1355 3019 dis-

210 3067 324 3146 putata
346 3068 423 3126 sunt
445 3065 485 3127 ab
509 3064 590 3143 aliis,
615 3066 720 3128 stiulia
743 3068 853 3127 nostra
874 3065 1005 3148 fugerit.
1051 3065 1251 3149 Quamquam
1275 3070 1353 3131 sunt

210 3174 307 3237 etiam
330 3196 411 3257 qnae
433 3175 538 3238 sciens
561 3175 756 3259 neglexerim
779 3175 829 3238 vel
851 3174 980 3238 silentio
1002 3175 1246 3260 praeterieram]

684 3454 881 3462 -..———-—-—=

598 3657 962 3733 Auctarium.

296 3843 484 3931 [Turbatam
517 3841 551 3906 in
586 3843 674 3906 libris
708 3843 853 3923 glossarii
887 3842 1015 3907 initium
1048 3841 1108 3906 lroc
1135 3843 1212 3907 olim
1240 3843 1356 3908 ordine

207 3954 307 4017 fuisse
329 3955 444 4018 videri:
475 3960 509 4017 lo
535 3959 743 4033 Amphitrione
766 4000 902 4016 .....
927 3959 963 4017 ln
987 3958 1152 4017 donaria:
1185 3959 1353 4019 blanditer.

209 4071 365 4142 tantisper.
389 4073 555 4144 pttnttspcr.
580 4085 676 4147 supra
697 4063 914 4144 significatum
937 4067 995 4128 est.

297 4177 308 4236 l
332 4183 548 4254 prittttsper:
589 4174 757 4236 Asinariae
780 4173 819 4255 V,
854 4174 891 4255 ⁴2,
915 4175 957 4237 30
979 4174 1057 4257 (880
1079 4174 1216 4257 exernpli
1239 4172 1354 4239 Fleck-

210 4283 380 4367 eiseniani)
392 4287 559 4363 'puuttspe'r
580 4306 678 4347 nataae.
