2850 5032
136 102 200 165 418
446 119 493 166 na
515 117 730 166 anavusrro
753 95 973 167 scaosrrcno

220 271 336 335 Restat
362 272 449 336 solus
476 276 607 357 quartus
636 294 760 355 versus,
790 271 825 336 in
853 293 915 355 quo
942 271 1025 357 quod
1054 293 1144 337 nunc
1165 271 1307 356 legite<

136 390 184 448 illi
206 388 318 465 eidem,
349 383 486 447 editores
509 383 549 447 ad
570 405 670 448 unum
700 403 810 447 omues
837 381 1054 467 neglexerunt
1080 381 1143 447 soli
1170 380 1307 465 Pyla*

136 493 245 557 deberi
265 515 326 558 uec
347 494 383 557 in
404 493 469 557 ullo
493 494 599 558 codice
620 493 671 558 vel
697 492 985 557 vetustissimarum
1013 491 1194 556 editionum
1218 493 1307 575 u.

136 606 276 686 exstare,
305 604 340 667 in
367 603 482 688 quibus
510 603 637 668 inverso
665 604 776 669 ordine
804 606 854 667 est
874 609 970 668 eidem
992 610 1048 667 illi.
1093 601 1185 678 Quod
1207 625 1307 687 qQ

136 736 204 778 esse
231 715 374 778 dieamus
402 735 458 778 cur
486 736 552 778 non
581 714 735 779 ambabus
763 713 910 798 amplexa
943 713 987 777 sit
1021 713 1192 777 venustula
1220 713 1307 794 ἰε

135 823 328 888 Vltimorum
351 824 687 909 Paenultimorumque
715 807 850 888 cohors?
877 824 954 908 quid
976 823 1063 888 enim
1085 823 1191 907 magis
1212 823 1307 903 ‹lj

135 958 212 999 num
245 935 405 1000 Plautinis
435 935 559 999 scilicet
594 934 751 1018 versibus,
787 955 883 1018 quam
920 933 1139 1018 comptissima
1175 933 1307 1008 het.

135 1045 242 1110 hiatus
270 1046 392 1129 species
412 1045 492 1109 illa?
536 1044 598 1110 Sed
624 1048 660 1108 ut
688 1066 759 1109 eum
790 1045 933 1110 totototo
959 1043 1186 1129 potiusquam
1208 1067 1307 1120 ει

135 1152 263 1222 ἀδόξοις
291 1178 439 1240 agamus:
477 1155 538 1220 etsi
565 1155 738 1220 excusabili
766 1175 844 1218 sane
871 1156 988 1219 conatu
1015 1154 1161 1220 videmur
1186 1156 1307 1229 bin

135 1288 228 1350 posse
243 1265 372 1330 voculas
393 1269 614 1350 transponere,
638 1268 747 1329 tamen
762 1264 994 1329 dubitationem
1013 1269 1122 1329 movet
1143 1266 1307 1335 usitat

136 1377 265 1441 comicis
292 1399 361 1441 mos
387 1375 554 1461 loquendi,
583 1375 637 1460 qui
669 1375 874 1459 praemittere
896 1380 975 1440 idem
998 1396 1070 1440 cum
1091 1383 1307 1460 pronomi

136 1486 386 1552 demonstrativo
413 1487 557 1551 iunctum
584 1485 706 1569 solent,
737 1508 804 1550 non
829 1489 1032 1570 postponere.
1081 1485 1307 1554 Documel

135 1598 214 1663 haec
242 1602 337 1662 sunto
360 1597 520 1681 exempla:
543 1603 647 1660 eodem
669 1603 724 1661 illa
746 1595 828 1660 Rud.
852 1596 895 1680 ΙΙ,
919 1598 950 1680 6,
974 1597 1025 1680 63,
1049 1602 1153 1663 lubido
1173 1605 1307 1663 ead

136 1716 212 1773 leaeo
233 1721 335 1773 munet
356 1708 428 1771 Ter.
445 1705 574 1771 Phorm.
590 1704 648 1790 IV,
672 1706 703 1790 5,
726 1708 756 1786 4,
778 1713 906 1772 eundem
928 1714 1012 1772 illam
1034 1707 1106 1773 Cas.
1128 1710 1230 1794 prol.
1282 1714 1307 1764 1

135 1824 262 1882 eandem
290 1825 374 1883 illam
397 1824 544 1882 rationem
573 1815 744 1901 Adelphon
766 1816 807 1901 V,
831 1819 869 1901 3,
892 1818 945 1901 26,
969 1824 1013 1883 ad
1033 1825 1160 1883 eundem
1182 1827 1307 1885 ista

135 1935 254 1993 modum
277 1928 354 1993 ibid.
378 1928 438 2012 ΙΙΙ,
462 1929 493 2011 3,
518 1929 574 2012 70,
598 1927 1073 2012 eooemoaecandr.111,3,
1097 1929 1150 2012 46,
1174 1925 1307 1995 ead

136 2045 231 2103 istaec
253 2045 344 2103 verba
368 2027 487 2102 Baech'.
511 2036 569 2122 IV,
594 2040 624 2122 9,
648 2038 700 2121 95,
724 2044 803 2102 idem
824 2044 881 2104 hoc
903 2048 1062 2118 arpentum
1086 2038 1217 2105 Phorm.

134 2148 165 2231 6,
189 2148 231 2213 48
255 2149 311 2234 (Ξ
333 2150 363 2232 7,
386 2148 438 2235 5),
469 2155 547 2213 idem
569 2153 626 2213 too
647 2148 716 2212 Mil.
738 2147 804 2230 ΙΠ,
830 2152 858 2234 1,
884 2150 955 2214 160.
993 2148 1083 2213 Trin.
1107 2150 1149 2233 V,
1171 2151 1204 2235 2,
1224 2142 1307 2211 5

135 2256 285 2323 Eunuchi
308 2258 367 2343 IV,
392 2260 426 2342 7,
453 2260 509 2340 13,
532 2265 609 2323 idem
638 2267 715 2331 istuc
744 2257 845 2323 Haut.
869 2258 910 2343 V,
943 2262 971 2342 1,
997 2260 1047 2323 15.
1087 2258 1166 2326 (list.
1188 2259 1216 2344 Ι,

133 2368 185 2432 29.
210 2367 327 2434 Persae
348 2368 391 2452 Π,
415 2370 446 2453 2,
469 2368 509 2434 57
534 2373 581 2454 et,
605 2369 720 2454 quibus
741 2372 869 2454 praeter
890 2369 1117 2434 necessitatem
1139 2354 1304 2435 Boni?

133 2488 202 2544 aem
229 2481 354 2564 possa,
388 2480 475 2544 oren.
500 2479 526 2563 1,
550 2482 581 2564 s,
605 2482 635 2544 a.
665 2478 816 2562 111111,
839 2480 870 2562 a,
893 2480 945 2543 ro.
974 2478 1032 2563 lv,
1057 2480 1086 2561 s,
1109 2481 1161 2545 aa.
1202 2444 1307 2545 nd

135 2589 215 2652 adde
243 2590 413 2654 interiecto
448 2590 511 2653 alio
543 2591 732 2674 pronomine
760 2590 918 2674 dirempta
945 2597 1024 2654 idem
1053 2595 1088 2655 et
1114 2599 1202 2674 istuc,
1231 2597 1283 2656 ὗ

134 2705 212 2763 idem
235 2722 290 2779 eqo
312 2708 389 2765 istuc
412 2701 504 2766 (lure.
527 2700 586 2784 IV,
610 2702 641 2783 3,
665 2703 694 2764 9.
719 2699 822 2765 Stichi
844 2700 904 2783 Ill,
921 2701 952 2783 2,
975 2701 1028 2764 20.
1052 2701 1147 2765 Troe.
1171 2701 1223 2785 IV,
1237 2696 1297 2767 ὃ

134 2811 186 2874 37.
231 2810 262 2874 Α
289 2811 406 2895 quibus
429 2812 582 2875 differunt
603 2833 676 2875 vere
697 2810 809 2875 iuncta
831 2816 909 2875 idem
931 2832 1002 2890 eqo,
1028 2818 1106 2876 idem
1129 2825 1162 2878 tu
1183 2812 1288 2898 Cap&
1299 2814 1307 2833 ¹

135 2919 191 3002 lV,
214 2920 246 3003 2,
271 2922 321 2985 84,
345 2921 444 2986 Mero.
468 2920 509 3005 V,
532 2925 563 3004 2,
590 2922 639 2985 12.
684 2921 791 2986 Pauca
817 2925 948 2986 exstant
971 2922 1125 2986 contrarii
1147 2899 1307 3007 generi?

134 3030 290 3114 exempla,
316 3054 414 3116 eaque
437 3056 475 3097 ex
498 3035 590 3117 parte
614 3035 699 3095 certe
721 3031 807 3096 haud
829 3033 896 3097 scio
919 3055 961 3097 an
983 3055 1049 3097 non
1071 3034 1259 3121 incorrupta

131 3147 227 3206 istaec
249 3147 353 3206 eadem
376 3142 548 3227 Adelphon
570 3141 628 3225 lV,
652 3144 682 3226 3,
707 3144 743 3226 8,
767 3150 850 3208 illum
872 3150 998 3209 eundem
1022 3142 1102 3207 Cist.
1120 3143 1147 3228 Ι,
1169 3146 1201 3229 3,
1224 3149 1307 3229 35ρ

132 3253 187 3335 qui
220 3273 329 3316 versus
362 3276 428 3317 non
456 3254 562 3318 minus
592 3253 754 3318 commode
781 3253 848 3319 fert
874 3253 1158 3338 transpositionem
1181 3279 1286 3342 quam

132 3361 227 3426 Most.
244 3361 284 3445 V,
305 3365 333 3445 1,
349 3364 390 3428 38
413 3371 489 3427 istac
510 3371 597 3430 idem.
642 3369 724 3429 Istuc
746 3371 815 3429 item
838 3369 925 3429 recte
947 3365 1113 3448 scripsisse
1128 3365 1200 3432 Mil.
1217 3369 1276 3453 111,

135 3473 162 3554 l,
190 3473 248 3537 181
273 3470 410 3537 Bothius
434 3474 609 3558 videtur.*)
653 3474 789 3550 Casinas
817 3479 921 3540 versui
944 3473 984 3559 V,
1008 3475 1039 3558 2,
1062 3476 1105 3539 52
1135 3479 1211 3561 (boc
1232 3503 1278 3546 eo

198 3770 223 3836 *)
244 3768 309 3838 [nisi
326 3772 453 3838 praestat
465 3788 482 3824 a
493 3770 615 3838 Bergkio
632 3771 692 3824 Ind.
706 3769 790 3825 schol.
803 3771 864 3825 Hal.
877 3771 934 3824 hib.
947 3789 972 3825 a.
986 3777 1053 3827 1868
1072 3772 1101 3824 et
1119 3778 1155 3827 89
1171 3791 1201 3844 p.
1214 3774 1280 3831 xm

131 3861 355 3915 commendatum
378 3865 602 3934 istucequidem]
639 3866 725 3919 ltecte
747 3864 821 3919 idem
844 3863 960 3919 Bothius
981 3864 1066 3920 hiere.
1084 3867 1158 3934 prol.
1178 3874 1211 3922 71
1231 3873 1282 3927 uti

129 3958 194 4009 item
217 3963 303 4012 metes
326 3974 378 4025 pro
401 3974 435 4011 eo
458 3957 533 4025 quod
552 3959 594 4011 est
611 3958 640 4012 iu
657 3957 736 4011 libris
754 3961 804 4015 tibi
821 3960 911 4015 eidem
929 3963 1019 4016 metis.
1054 3957 1111 4013 Sed
1127 3960 1158 4014 in
1177 3963 1279 4019 mdem

129 4046 175 4098 ille
199 4064 302 4115 genere
320 4049 434 4103 nimium
457 4051 509 4104 sibi
528 4051 695 4118 aliquotiens
717 4051 842 4117 indulsit,
866 4055 897 4105 ut
915 4051 991 4106 Tria.
1010 4052 1032 4119 I,
1049 4059 1074 4118 2,
1093 4060 1127 4108 16
1146 4061 1280 4115 omnibus

129 4144 237 4205 circaeis,
255 4144 330 4209 quod
347 4145 455 4209 rniltist,
474 4149 557 4213 cupio
576 4162 639 4202 esse
657 4149 738 4202 idem.
775 4144 842 4216 [Vbi
860 4149 946 4213 idem,
965 4145 1137 4214 sicquidem
1156 4150 1277 4206 colloca-
