2850 5032
468 307 690 357 aaosssmvn
713 306 928 355 ensvmsvu.
1208 289 1268 354 271

116 463 155 528 in
181 466 278 527 tanta
298 461 480 547 frequentia
499 474 607 542 pastea
626 472 784 541 postquam
807 464 978 540 iposqraua'·¹
1000 459 1190 522 lamiarum:
1213 480 1272 521 nea

113 574 365 656 posteaquam)
393 572 577 656 antiquitati
607 572 710 653 magis
738 570 859 655 plaeuit
883 591 980 655 (piram
1006 581 1188 649 anteaquam
1216 568 1271 633 ulli

117 685 237 749 aetati.
284 683 327 747 vt
358 704 460 768 aequo
486 688 649 748 momento
670 686 796 746 tarrturn
816 687 946 763 postitac
968 687 1098 745 antehae
1121 703 1272 746 censean-

116 800 190 859 tur.
235 793 326 871 Quod
359 816 462 879 genus
494 793 680 859 rmiversum
712 792 845 877 longam
878 798 926 856 est
949 792 1009 855 lroe
1031 791 1101 855 loeo
1124 793 1271 877 persequi

119 905 272 971 uberius:
306 926 500 989 quamquam
533 904 688 989 potiorem
723 907 846 987 partem
878 901 943 967 iam
980 905 1187 967 tractavimus
1221 902 1270 967 vel

117 1016 242 1081 saltem
262 1014 428 1101 tetigimus
450 1014 551 1079 Musei
585 1014 735 1079 lthenaui
758 1021 780 1077 t.
808 1012 865 1076 Vll
890 1036 921 1097 p.
945 1014 1007 1077 2·th
1030 1036 1100 1099 sqq.
1125 1052 1168 1063 -
1191 1013 1269 1077 Post

120 1126 312 1191 Plautinum
345 1132 452 1191 autem
484 1130 623 1190 aetatem
656 1130 721 1189 tam
756 1124 819 1187 ‹eito
847 1124 982 1187 rariores
1004 1146 1041 1187 ox
1067 1123 1129 1187 illis
1151 1124 1270 1189 iisniras

121 1258 204 1301 rasus
227 1236 377 1318 ululavit,
410 1242 447 1299 ut
468 1240 596 1321 praeter
617 1242 759 1317 onoma,
790 1240 920 1315 postiae
953 1241 983 1297 et
1005 1242 1129 1315 postilla
1151 1234 1269 1299 Tereia·

119 1348 191 1411 tius
223 1346 345 1411 nullam
372 1346 509 1411 nituerit.
553 1346 589 1410 Id
622 1368 685 1410 nrm
709 1346 789 1409 satis
811 1350 964 1429 reputans
989 1344 1214 1409 lmeluuaunus
1236 1346 1269 1409 in

123 1456 221 1521 Later.
245 1480 276 1541 p.
303 1458 362 1521 116
384 1456 528 1520 Andriae
550 1457 653 1521 versui
679 1454 717 1533 l',
751 1458 782 1535 ⁴,
817 1456 859 1517 33
882 1456 971 1527 iliata
993 1460 1105 1535 postibi
1124 1456 1269 1520 olitnule-

122 1568 183 1631 bat
205 1572 334 1652 praeter
355 1568 527 1631 rationem:
560 1567 643 1652 (quial
666 1590 737 1630 euru
761 1588 825 1631 neni
848 1588 886 1629 ex
906 1577 977 1647 post
998 1572 1031 1629 et
1051 1571 1096 1629 toi
1116 1566 1269 1651 conquisi-

122 1685 198 1741 tum
221 1678 274 1759 sit,
297 1676 352 1741 sed
374 1698 505 1761 prorsus
528 1678 648 1741 laetum
671 1684 705 1739 ut
728 1682 859 1747 interibi,
883 1700 924 1740 ne
946 1675 1032 1739 tollit
1053 1676 1194 1761 (paridem,
1218 1678 1268 1740 eui

120 1786 259 1852 vitando
291 1788 456 1851 inventum
490 1793 555 1868 est,
590 1810 654 1851 uno
689 1787 843 1851 voeabula
876 1785 1139 1871 ‹onrpreheusum
1162 1787 1270 1871 ‹nety-

120 1900 269 1977 lrrm.**)
313 1896 525 1961 Numeronmr
547 1898 647 1983 igitur
669 1898 847 1979 integritati
878 1920 942 1962 uam
966 1897 1057 1960 video
1082 1898 1136 1981 qui
1167 1896 1270 1961 lenius

120 2032 224 2093 equam
245 2009 291 2073 sic
315 2009 478 2073 consulas:
526 2012 599 2072 Tum
620 2030 686 2073 eam
709 2012 834 2073 ueritus!
856 2014 905 2071 laia
927 2010 1115 2087 relinquere:
1148 2010 1270 2087 qmstitla

120 2143 209 2186 nune
239 2126 369 2200 primum
400 2122 508 2184 raalaio:
541 2119 669 2204 spirando
702 2141 813 2204 partun
849 2118 952 2202 plueet
976 2124 1169 2201 anapaestus
1196 2120 1268 2181 Tum

119 2238 211 2295 itiam
232 2232 281 2294 iu'e
302 2236 428 2295 meritust
447 2232 627 2309 relinquere.

218 2342 269 2403 101
295 2346 470 2421 temperi:
493 2340 595 2405 stiehi
619 2339 660 2422 V,
682 2340 713 2421 2,
738 2342 758 2399 a
781 2342 885 2413 stimi:
910 2340 980 2403 virle
1003 2341 1042 2404 ael
1066 2343 1086 2415 ξ
1108 2340 1160 2403 (iti.

214 2449 256 2515 ln
279 2450 576 2535 Amphitruone.
624 2450 684 2515 10⁴2
705 2458 894 2530 aequiter:
918 2450 943 2532 l,
971 2452 998 2529 1,
1025 2450 1086 2513 loa
1108 2450 1196 2529 (2315)
1219 2470 1268 2511 ae-

120 2564 228 2643 quite'r
244 2564 344 2637 ferire
364 2563 477 2625 molam
499 2569 578 2625 male
599 2564 688 2625 discit
709 2583 826 2631 marries,
864 2566 896 2623 ut
919 2560 1046 2643 ‹prrialern
1071 2559 1194 2622 aotliees
1217 2582 1268 2621 ex-

122 2654 241 2735 hibent
262 2682 345 2741 (euru
368 2670 485 2735 Vetere
508 2672 605 2735 etism
628 2672 804 2735 Vatieanus
829 2670 1043 2751 l'rsiniauus).

194 2841 221 2908 ’ἢ
249 2840 278 2893 lu
300 2840 420 2911 epistula
437 2840 472 2893 ud
491 2840 611 2893 Atticum
631 2839 707 2903 xlii,
726 2847 771 2905 at,
792 2850 801 2893 l
828 2858 940 2909 prorsus
958 2840 1093 2894 irmertrua
1117 2841 1156 2891 esi
1178 2840 1268 2891 trimatu

121 2932 230 2989 veteris
247 2938 347 3003 poetae
365 2952 401 2987 an
420 2933 506 3003 ipsius
525 2932 664 2987 Ciceronis
682 2933 717 2987 sit
734 2944 917 3003 posteaquam
941 2934 1118 2987 voimlmlum:
1149 2932 1182 2985 ei.
1204 2932 1269 2985 itia-

121 3025 219 3081 lseclrii
245 3026 328 3095 Trag.
356 3046 383 3097 p.
403 3034 460 3081 20⁶2.
498 3036 648 3097 antequam
675 3046 729 3081 urm
757 3028 812 3080 viai
840 3031 906 3081 irrite
933 3027 1052 3081 Nasium
1079 3026 1161 3080 Nouii
1190 3045 1216 3095 p.
1236 3036 1268 3081 aa

121 3128 159 3185 tv.
185 3119 458 3183 ambulantum.

194 3216 236 3277 ”J
255 3214 284 3267 lu
301 3215 400 3268 erulam
427 3232 536 3275 earrssu,
566 3218 596 3267 ut
614 3216 666 3269 hoe
684 3218 827 3283 tamquam
848 3215 1019 3283 praeteriens
1041 3232 1268 3277 eruunwmorenr,

120 3307 232 3376 aliquid
250 3308 363 3361 hamrani
382 3308 473 3361 eidem
493 3308 670 3363 Laelnuanuo
688 3308 791 3363 asciuit
808 3310 844 3362 ml
863 3309 1017 3362 'l'rinuuuni
1036 3326 1144 3363 vermina
1163 3308 1196 3371 V,
1213 3316 1239 3377 2,
1252 3316 1268 3363 :t

120 3404 214 3465 cliiii
238 3406 378 3469 spectans,
401 3418 484 3469 quem
507 3401 553 3454 illo
576 3402 661 3455 voluit
686 3402 745 3455 sirie
764 3420 879 3457 euasura
900 3403 1057 3457 elaaalieare
1076 3405 1148 3459 ll'am
1166 3406 1206 3459 eie
1223 3404 1268 3459 iris

120 3498 246 3553 aedibus
262 3513 304 3553 me
322 3496 558 3566 exaedificasset.
578 3514 684 3565 apsque
702 3500 732 3552 u'
745 3499 838 3566 ferret.
858 3500 887 3549 tu
907 3497 943 3549 aa
961 3514 1139 3550 intraturorum
1158 3497 1267 3563 elegan-

119 3590 193 3643 tiam
211 3588 252 3642 aie
268 3588 478 3659 transponendo
496 3588 639 3643 revocabis
663 3591 733 3646 ,l'am
757 3590 1007 3658 txaeaaifiems'asa
1030 3609 1085 3656 me,
1110 3606 1217 3658 aquaque
1241 3592 1271 3645 te'

117 3687 210 3753 soret.
228 3700 269 3740 ex
285 3685 330 3740 aa
348 3684 476 3741 aedibus.
494 3711 528 3721 -
544 3682 602 3736 Nec
620 3681 647 3735 iu
665 3683 813 3752 Adelphos
834 3682 877 3745 lV,
896 3690 919 3745 i.
937 3690 971 3737 tu
989 3689 1059 3749 a'ttssi
1078 3685 1167 3740 incisae
1186 3700 1266 3751 repo·

118 3776 204 3831 nenti
223 3792 309 3845 opera
326 3776 471 3831 suecessit:
495 3794 578 3844 qaam
601 3778 719 3829 lemnam
737 3794 810 3843 trega
829 3776 946 3830 laatirunn
964 3794 1031 3831 esse
1056 3809 1088 3815 --
1112 3776 1168 3829 Nee
1187 3794 1269 3833 serie-

115 3874 189 3940 ptos
207 3870 330 3923 conceda
347 3868 546 3924 Terentianum
564 3888 624 3923 esse
641 3870 725 3923 Andr.
740 3869 772 3931 l',
785 3878 809 3929 4.
822 3877 854 3924 :tt
867 3874 947 3939 (tila),
966 3872 1012 3923 ulii
1032 3870 1267 3939 transponendum

117 3968 158 4021 Aa
175 3966 332 4032 scripulus
350 3968 389 4020 mi
404 3968 489 4021 etiarm
509 3967 583 4021 uittas
601 3972 699 4021 restat.
717 3992 752 4005 --
770 3964 898 4017 fretorum
921 3983 975 4017 rum
996 3963 1104 4025 rea-iius,
1122 3980 1205 4031 quam
1225 3964 1267 4019 vel

116 4066 187 4127 pom
204 4058 244 4113 itt
261 4059 303 4110 vet
319 4066 385 4126 post
402 4060 445 4121 iti,
468 4074 519 4126 pro
541 4059 655 4126 postilla
678 4057 706 4109 in
732 4057 810 4111 Ennii
835 4076 914 4110 uersu
937 4058 1004 4111 ‘sive
1027 4058 1048 4109 is
1073 4057 1142 4110 alius
1167 4058 1267 4126 tragici

117 4154 175 4215 esti
199 4156 232 4203 67
250 4148 298 4216 V.,
325 4169 352 4219 p.
370 4156 433 4213 ΞΜ,
462 4158 492 4204 lsi
518 4150 550 4205 lt.
578 4148 672 4203 oditur
701 4159 766 4220 pasl
796 4153 855 4209 illa.
901 4155 942 4204 :lu
974 4168 1104 4219 arrrrquaur
1136 4149 1189 4203 luit
1219 4150 1266 4219 qui

116 4251 187 4315 post
209 4262 244 4299 ea
268 4244 391 4297 seribere
414 4262 464 4314 pro
486 4253 585 4313 pastea
608 4245 692 4298 etism
717 4248 806 4297 rnelro
829 4262 883 4297 nam
904 4246 1063 4311 miraqunite
1082 4244 1204 4297 animum
1227 4243 1266 4299 in-

119 4338 256 4392 eluceret?
