2850 5032
222 299 265 365 46
486 301 580 365 dana
609 316 671 364 nra
693 315 819 364 aaran(
841 312 907 364 nas
930 304 1098 365 staurus.

224 470 416 554 Amphitruo
443 471 503 533 mit
530 471 701 535 besonders
724 468 975 534 ausfithclichern
998 468 1205 535 Commentar
1227 467 1370 531 bedae-ht

222 603 298 664 war,
322 604 357 645 so
379 581 469 645 stehe
491 559 546 644 icli
562 579 659 645 nicht
682 603 723 644 an
745 579 978 665 voraugsweise
998 601 1062 642 ron
1084 577 1271 642 demselben
1288 576 1371 642 auch

224 691 274 755 die
295 691 431 754 ‘multas
454 690 650 754 additiones’
680 706 720 753 zu
742 689 927 772 verstehen,
957 688 1007 752 die
1035 688 1092 753 auf
1112 688 1183 752 dem
1206 686 1294 752 Titel
1316 709 1371 772 ge·

223 799 331 864 rtihmt
353 801 490 865 werden.
535 799 580 863 Es
610 800 717 864 wdrde
747 800 814 865 dies
841 800 970 865 keinem
994 798 1124 863 Zweifel
1151 797 1371 882 unterliegen,

224 933 317 975 wenn
340 932 374 975 es
396 909 542 974 wirklieh
564 909 656 974 wahr
677 915 773 994 ware,
798 933 864 975 was
888 910 934 974 als
957 910 1010 975 ein
1032 909 1285 974 unantastbares
1307 907 1372 973 Re-

224 1020 323 1085 sultat
344 1021 401 1085 der
422 1018 675 1085 Niebuhr’schen
698 1020 921 1106 Abhandlung
944 1021 989 1105 (p.
1016 1021 1090 1105 177)
1112 1041 1177 1083 ron
1198 1017 1373 1083 manahem

225 1130 412 1195 wiederholt
425 1130 554 1195 worden
575 1131 628 1215 ist,
652 1131 725 1194 dass
746 1130 816 1195 sich
831 1130 1022 1195 Hermolaus
1038 1128 1200 1194 Barbarus
1214 1129 1250 1193 in
1266 1129 1373 1192 einem

226 1240 334 1305 Briel'e
356 1241 456 1305 selbst
479 1241 525 1305 als
548 1242 611 1306 den
632 1240 802 1305 Verfasser
830 1242 886 1306 der
907 1239 1055 1305 falschen
1077 1239 1202 1305 Scenen
1223 1239 1271 1303 im
1293 1240 1372 1303 Am-

226 1351 354 1434 phitruo
370 1350 525 1416 belrenne.
563 1352 652 1415 Aber
674 1351 730 1415 das
752 1373 838 1416 muss
860 1374 937 1416 marr
960 1349 1156 1415 zwisehen
1178 1350 1243 1414 den
1259 1349 1372 1414 Zeilen

226 1461 356 1545 gelesen
383 1460 505 1544 haben,
535 1461 576 1526 in
603 1461 703 1526 ihnen
732 1461 819 1526 steht
846 1462 1043 1547 wenigstens
1070 1461 1105 1525 in
1133 1460 1189 1524 der
1216 1461 1372 1546 Ausgabe

226 1570 281 1634 der
303 1571 557 1636 Politianisehen
579 1569 702 1654 Briefe,
732 1572 783 1636 die
809 1572 872 1636 mir
894 1595 950 1636 zur
971 1571 1069 1636 Hand
1090 1571 1148 1653 ist,
1177 1570 1254 1635 hein
1276 1569 1374 1634 Wort

225 1704 297 1745 vom
319 1681 527 1765 Amphitruo,
558 1683 697 1746 sondern
724 1681 832 1746 nichts
853 1682 980 1765 weiter,
1010 1681 1057 1745 als
1085 1681 1157 1746 dass
1179 1679 1373 1745 Hermolaus

225 1792 278 1855 fiir
304 1792 419 1877 irgend
448 1793 536 1857 eines
563 1792 625 1872 der,
647 1792 878 1858 lticlrenhaften
905 1792 1024 1858 Sttiolre
1052 1791 1107 1855 des
1135 1790 1272 1856 Plautus
1301 1791 1374 1855 eine

160 1916 207 1965 191
225 1902 398 1967 metrische
425 1901 627 1988 Hrgbnzung
660 1903 880 1988 geschrieben.
895 1902 935 1987 ²⁶)
990 1903 1056 1967 Far
1087 1902 1149 1966 den
1177 1900 1375 1987 Amphitruo

294 2111 338 2175 11)
365 2106 460 2160 Damit
477 2105 522 2160 ein
535 2106 617 2175 jeder
640 2107 727 2161 selbot
744 2106 882 2162 urtheileu
899 2105 1003 2172 kbnne,
1024 2107 1098 2160 setzc
1119 2105 1164 2159 ich
1186 2104 1241 2160 den
1265 2122 1376 2174 ganzes

227 2198 305 2253 Brief
319 2198 383 2265 Xll,
401 2205 434 2252 11
461 2216 510 2253 aus
531 2201 602 2270 Aug.
622 2199 754 2254 Politiani
773 2200 877 2270 Opera,
903 2198 1032 2269 Lugduni
1056 2216 1102 2268 ap.
1125 2196 1189 2253 Seb.
1213 2197 1375 2268 Gryphium

229 2299 308 2357 1536,
325 2295 345 2345 1.
366 2293 378 2346 Ι
395 2309 423 2361 p.
443 2298 492 2347 419
510 2292 634 2347 hierher:
661 2293 841 2348 ‘Hermolaus
858 2293 1000 2347 Barbarus
1017 2291 1055 2346 M.
1073 2290 1104 2345 L.
1123 2290 1291 2360 Phosphoro
1309 2290 1376 2362 Epi·

227 2400 311 2454 scopo
325 2384 440 2453 Signino
454 2384 480 2438 S.
506 2384 585 2449 Quod
597 2387 628 2439 tu
641 2385 833 2442 Octonariolos
852 2404 929 2441 meos
946 2383 1056 2455 probes,
1075 2382 1214 2438 amicitiae
1232 2383 1377 2452 estquod

227 2478 283 2544 alii,
302 2477 456 2532 felicitatis:
476 2478 549 2546 quod
567 2478 604 2532 ad
617 2495 664 2533 eos
682 2480 779 2549 populi
792 2496 942 2535 concursus
954 2478 1012 2544 fiat,
1029 2476 1134 2547 partim
1150 2476 1249 2543 laetor,
1267 2477 1376 2548 partim

228 2568 320 2625 doleo:
341 2572 468 2638 alterum,
488 2573 518 2625 ut
535 2571 669 2627 adeuntes
688 2572 838 2627 aemulatio
857 2573 986 2626 exacuat:
1017 2571 1149 2637 alterum,
1168 2568 1375 2638 1111111111-

227 2664 280 2719 deo
297 2667 329 2718 ut
346 2664 427 2719 multi
444 2682 489 2720 me
508 2665 629 2733 rideant,
652 2665 731 2735 quasi
754 2668 804 2721 aut
821 2684 884 2720 cum
901 2665 1001 2720 Plauto
1021 2667 1129 2719 certare
1146 2661 1252 2717 salibus
1271 2666 1302 2718 et
1319 2663 1376 2719 elo·

228 2758 343 2825 quentia
365 2757 511 2825 voluerim,
538 2762 586 2813 aut
612 2776 673 2813 rem
690 2759 819 2814 Latinam
842 2757 1020 2828 supposititio
1043 2756 1165 2826 quodam
1187 2759 1273 2826 partu
1295 2757 1376 2811 velut

228 2851 351 2905 auctario
369 2851 465 2905 iuvare
484 2851 677 2920 cogitaverim,
705 2869 755 2906 ceu
772 2869 827 2906 non
845 2851 934 2906 multo
952 2850 1050 2904 melius
1067 2849 1116 2916 sit,
1135 2848 1295 2904 comoedias
1313 2849 1375 2904 eius

228 2945 328 3012 poetae
346 2945 491 2999 ambustas
509 2947 538 2998 et
555 2945 698 3000 mutilatas
717 2944 899 3011 circumferri,
918 2962 1002 3013 quam
1020 2943 1230 2998 reconcinnetur
1247 2941 1374 3013 interpo-

229 3037 354 3105 latasque
373 3037 408 3092 de
426 3054 501 3104 meo,
531 3053 587 3091 non
604 3055 682 3093 secus
700 3037 832 3106 Hercule,
855 3056 940 3107 quam
958 3037 1006 3107 qui
1024 3039 1132 3092 statuas
1150 3034 1258 3105 antiqui
1278 3037 1375 3107 operis

230 3130 288 3184 sine
306 3130 397 3200 capite
416 3135 466 3185 aut
482 3132 600 3200 pedibus
612 3131 739 3187 inventas
755 3132 883 3188 reficiunt
900 3130 1148 3200 ferruminantque,
1165 3145 1256 3197 neque
1275 3129 1376 3184 vident

229 3223 316 3276 multo
338 3223 429 3278 minus
453 3223 493 3278 sie
514 3224 638 3294 integras
664 3227 776 3295 placere
804 3243 888 3294 quam
914 3226 1043 3279 tramea
1077 3224 1114 3277 ht
1140 3221 1227 3290 enim,
1252 3221 1376 3291 inquies,

229 3316 320 3370 Plauti
337 3316 428 3385 gloria
445 3335 479 3371 ex
498 3320 705 3388 comparatione
723 3322 836 3375 crescet.
866 3319 898 3372 Id
918 3319 997 3373 curat
1013 3316 1119 3372 scilieet
1136 3315 1374 3378 eminentissimus

228 3412 321 3479 poeta,
340 3409 387 3480 qui
404 3412 449 3464 tot
466 3411 565 3466 seculis
582 3412 611 3466 in
629 3430 758 3482 supremo
772 3411 859 3479 stetit,
878 3411 908 3465 in
921 3410 1160 3481 comparationem
1171 3409 1255 3465 modo
1268 3409 1378 3476 veniat,

229 3504 257 3557 in
275 3503 403 3569 ordinem
420 3521 449 3558 se
469 3504 531 3573 cogi
550 3507 578 3559 et
595 3506 705 3575 vulgari
724 3506 835 3560 sentiat.
862 3504 974 3574 Alioqui
992 3503 1128 3558 stultitiae
1145 3503 1305 3573 proximum
1323 3507 1378 3570 est,

231 3600 260 3651 ut
278 3597 386 3652 alienae
405 3599 497 3651 lamae
516 3597 667 3665 consulam,
685 3615 749 3653 meo
767 3597 854 3668 ipsius
871 3597 978 3654 nomini
996 3598 1115 3654 officere.
1152 3595 1207 3650 Sed
1225 3595 1382 3651 11111111·

231 3691 341 3758 (lebam,
360 3709 408 3745 eur
426 3708 481 3745 non
500 3691 655 3761 temperavi
673 3692 867 3748 ascribendo?
890 3691 1038 3762 Ingenium
1056 3693 1098 3759 (ut
1114 3691 1156 3760 fit)
1174 3689 1295 3746 exercui.
1318 3689 1379 3744 Nec

228 3785 337 3839 ineam
360 3801 421 3840 rem
444 3785 496 3852 (ita
518 3784 586 3839 mihi
603 3803 700 3841 manes
717 3786 841 3842 Plautini
862 3804 918 3841 non
940 3786 1107 3854 irascantur)
1131 3785 1251 3856 amplius
1274 3782 1380 3854 sesqui·

229 3877 300 3933 hora
317 3880 474 3950 impensum
498 3882 551 3946 est,
579 3879 627 3933 sed
646 3896 696 3934 nec
714 3880 853 3935 edendum
870 3878 900 3933 id
917 3879 1023 3950 putavi,
1041 3898 1094 3935 nec
1111 3879 1217 3935 editum
1235 3878 1319 3947 volo,
1345 3881 1379 3933 tu

229 3989 274 4025 me
291 3973 377 4028 invito
396 3973 646 4041 reclamitanteque
665 3972 855 4029 subinvolasti.
892 3972 998 4028 Vitium
1016 3990 1072 4028 non
1091 3976 1135 4028 est
1152 3974 1284 4038 scribere,
1305 3989 1377 4040 quae

231 4062 336 4134 scripta
362 4082 418 4119 non
440 4066 566 4136 placent,
592 4066 642 4121 sed
664 4066 805 4122 emittere:
835 4084 887 4121 nee
907 4068 984 4122 fama
1007 4067 1155 4121 scribentis
1177 4065 1272 4135 agitur
1293 4064 1324 4119 iu
1342 4082 1377 4119 11

233 4154 307 4226 quod
326 4158 434 4225 scribit,
458 4161 508 4214 sed
524 4160 553 4214 in
572 4177 605 4214 eo
624 4160 699 4229 quod
716 4162 833 4230 probat:
863 4160 961 4231 scripsi
981 4161 1086 4227 fateor,
1110 4176 1167 4213 non
1184 4157 1315 4229 probavi:
1345 4160 1378 4211 tu

232 4251 373 4323 probasti,
399 4268 455 4305 non
477 4254 624 4324 scripsisti:
652 4258 702 4309 tua
723 4272 768 4308 res
795 4254 889 4324 agitur
912 4269 967 4307 non
989 4271 1066 4308 mea:
1101 4253 1128 4307 si
1151 4250 1377 4308 fabulam-edi

233 4346 339 4412 voles,
367 4362 452 4414 penes
473 4348 502 4401 te
525 4347 567 4401 ius
590 4349 620 4401 et
641 4349 768 4417 potestas
791 4347 850 4402 eius
872 4348 913 4402 rei
934 4348 996 4402 tota
1018 4348 1087 4402 estc.
1123 4346 1300 4415 Itaqueiam
1318 4363 1376 4401 non
