2850 5032
232 323 297 388 244
574 344 796 393 onossnmvu
818 345 1032 392 ensvnruvu.

232 495 327 559 sario.
366 495 514 562 Ceterum
532 500 659 581 praeter
675 504 802 562 ornandi
816 500 984 584 (pereunte)
1001 498 1182 582 notionem,
1198 499 1380 584 quostiam

231 602 331 671 Nonii
346 630 378 691 p.
397 608 459 673 104
472 609 619 692 exempla
633 611 799 693 spectant,
821 607 929 687 nullus
943 609 1007 673 fuit
1020 608 1114 673 huius
1130 609 1274 674 adverbii
1288 631 1378 674 usus.

318 717 359 781 12
380 724 663 799 aliquovorsum
695 718 759 804 (vel
781 718 1002 802 exquisitiore,
1026 741 1123 804 quom
1145 718 1378 805 Scaligeranus

231 828 380 911 servavit,
403 828 506 894 forma
527 829 756 914 oticovorsom):
779 827 915 894 Casinas
936 827 980 913 Π,
1002 829 1034 913 4,
1060 829 1099 895 18
1114 825 1193 909 'Eoo
1208 836 1268 910 pot
1286 837 1379 895 istum

231 945 291 1002 tom
313 941 535 1020 aliquovorsum
557 941 711 1019 troentom
734 941 885 1005 dedomo.

317 1050 357 1114 13
379 1056 573 1130 ampliter:
596 1049 736 1114 eiusdem
757 1049 800 1132 Π,
825 1049 855 1133 8,
879 1049 921 1115 65
936 1062 1082 1130 opsonoto
1096 1051 1248 1130 ampliter.
1293 1051 1379 1117 Item

230 1159 317 1222 infra
341 1162 361 1240 ἕ
383 1160 424 1224 51
448 1181 465 1224 e
487 1158 585 1224 Mero.
619 1159 700 1244 prol.
735 1159 776 1225 99
799 1164 943 1240 acceptos
971 1166 1072 1224 tollore
1098 1171 1192 1241 otqne
1218 1163 1377 1245 simpliter,

232 1272 252 1350 ξ
275 1267 315 1333 97
338 1290 355 1333 e
378 1267 481 1334 Stichi
502 1268 547 1345 V,
575 1271 612 1353 4,
644 1271 685 1334 10
711 1270 802 1355 (692)
832 1276 964 1339 modeste
984 1272 1091 1349 socero
1111 1283 1260 1352 sumptum
1283 1294 1378 1351 qnam

231 1381 381 1459 simpliter.
427 1379 503 1444 Alio
537 1379 683 1464 exemplo
714 1401 786 1444 eum
817 1381 887 1471 ipse
909 1379 1043 1444 Plautus
1066 1380 1199 1465 praebet
1219 1365 1289 1445 tum
1312 1381 1377 1446 No

230 1490 303 1554 nius
326 1512 398 1554 eum
421 1489 576 1556 Charisio.
620 1488 805 1554 Breviorem
827 1497 928 1570 ample
949 1490 1087 1554 formam
1109 1512 1175 1556 non
1196 1493 1303 1576 magis
1327 1492 1376 1556 vel

230 1598 363 1664 Plautus
386 1600 436 1664 vel
458 1600 634 1683 antiquitas
656 1600 758 1663 latina
780 1601 871 1663 novit
891 1622 987 1684 quom
1008 1622 1097 1666 soene
1118 1609 1215 1667 amice
1235 1623 1296 1686 pro
1310 1624 1377 1666 soe·

229 1717 306 1775 viter
327 1718 466 1776 amiciter
498 1713 530 1774 et
550 1711 584 1774 id
605 1730 708 1794 genus
731 1710 810 1774 alia:
843 1710 875 1775 io
898 1711 982 1795 quod
1010 1711 1087 1777 item
1112 1711 1220 1776 velere
1242 1711 1275 1776 in
1301 1733 1376 1777 oon·

229 1821 363 1886 trariun
385 1824 510 1906 portem
532 1819 622 1885 solet.

317 1931 357 1995 14
378 1939 650 1996 altrovorsum:
674 1931 809 1997 Cosinae
825 1930 884 2014 ΙΠ,
901 1933 932 2015 2,
949 1931 991 1996 25
1019 1936 1131 1998 Votum
1154 1946 1254 1998 antem
1280 1939 1375 1997 altro

229 2044 346 2107 vorsum
368 2064 435 2108 onon
457 2063 524 2106 eom
546 2043 661 2106 mooun
685 2045 834 2107 rationem
853 2054 938 2121 poto.

316 2153 355 2217 15
374 2159 585 2231 protinam:
609 2152 751 2216 eiusdem
775 2151 817 2235 V,
842 2153 872 2235 3,
900 2152 949 2236 16,
973 2175 1052 2236 quos
1074 2176 1185 2219 versus
1207 2154 1295 2218 hand
1310 2154 1377 2218 seio

230 2283 272 2325 an
293 2261 504 2346 probabiliter
519 2261 565 2325 sio
586 2262 755 2326 restituas:
782 2267 856 2326 Torn
879 2265 935 2327 etsi
952 2270 1065 2328 molam
1086 2262 1193 2357 merui.
1218 2268 1280 2329 trio
1296 2270 1376 2329 doto

223 2373 380 2451 prototo
412 2393 468 2436 me.
504 2375 561 2435 Oh.
595 2378 669 2437 tens
700 2383 748 2436 sto
781 2380 853 2437 ilico
886 2376 1017 2438 ornator.
1052 2378 1110 2439 ST.
1134 2381 1228 2456 Perit,
1260 2378 1377 2440 occiar':

228 2485 362 2547 revocor.
386 2484 476 2561 quasi
501 2502 561 2545 non
584 2484 723 2560 aridium,
754 2490 814 2546 tom
837 2483 972 2565 obibo.*)
1016 2482 1139 2548 Eadem
1161 2485 1271 2569 glossa
1293 2485 1377 2550 redit

229 2597 249 2675 ξ
272 2593 314 2659 25
336 2615 353 2658 e
376 2592 577 2658 Cureulionis
598 2591 642 2675 ΙΙ,
666 2593 696 2675 3,
721 2593 763 2657 84
785 2595 876 2679 (363)
904 2596 1026 2658 'Ostium
1050 2600 1102 2659 nti
1121 2600 1272 2676 consociet
1293 2598 1376 2677 (pro-

227 2712 320 2784 spexi
339 2703 490 2787 Nonius),
513 2710 627 2768 exinde
648 2725 695 2767 me
717 2706 786 2769 r'lico
803 2708 960 2784 prottnom
983 2711 1069 2788 (tedl3
1106 2709 1126 2787 ξ
1150 2705 1191 2771 88
1214 2729 1231 2770 e
1253 2705 1374 2770 Persae

227 2813 285 2897 IV,
308 2815 339 2897 5,
363 2814 383 2879 8
406 2815 496 2899 (680)
519 2820 559 2879 At
580 2817 621 2877 ne'
639 2836 707 2879 onem
729 2828 856 2893 oroento
867 2819 1022 2894 protinam
1032 2819 1172 2896 peroitois
1186 2822 1316 2882 domum.
1332 2855 1376 2868 -

228 2925 375 2988 Alteram
394 2933 532 3005 protnus
553 2924 690 2989 formam
712 2946 785 2988 raro
807 2925 1003 3009 antiquiores
1025 2930 1138 3011 poetae
1161 2926 1374 3011 admiserunt,

228 3055 289 3098 neo
316 3035 380 3099 nisi
407 3035 463 3099 ubi
485 3035 651 3119 trisyllnbo
675 3035 828 3099 vocabulo
850 3058 930 3120 opus
953 3040 1023 3100 eret
1044 3040 1120 3101 ante
1141 3037 1304 3121 vocalem,
1340 3044 1378 3102 ut

229 3144 321 3228 Capt.
345 3144 404 3228 III,
439 3146 469 3228 2,
504 3145 636 3229 9(510)
671 3151 717 3208 Eo
746 3148 886 3225 protinus
907 3152 951 3209 od
967 3149 1119 3225 frotre'm,
1154 3150 1215 3211 mei
1235 3154 1288 3213 atri
1306 3150 1377 3213 sont

228 3261 285 3319 otti
312 3258 436 3335 captivi,
471 3259 504 3319 et
526 3254 640 3319 Pseud.
675 3254 720 3337 ΙΙ,
758 3258 786 3338 1,
824 3256 862 3319 13
885 3256 975 3341 (587)
999 3261 1143 3322 Protinus
1164 3260 1320 3323 odanam
1342 3263 1377 3323 et

227 3387 308 3449 quae
330 3365 376 3429 ibi
397 3369 552 3430 secuntur
579 3388 637 3449 pro
659 3365 745 3429 virili
767 3369 859 3450 porte
882 3370 1113 3431 reconcinnats
1135 3391 1155 3431 a
1176 3390 1228 3432 me
1250 3369 1287 3433 in
1310 3370 1375 3434 edi·

227 3476 315 3541 tione
337 3476 405 3540 eius
427 3475 565 3540 fabulae.
611 3475 680 3550 Quo
702 3477 827 3540 aceedit
849 3477 1034 3541 coniectura
1056 3481 1168 3542 nostra
1197 3479 1376 3563 repositum

229 3585 446 3650 Mostellariae
468 3586 499 3670 I,
534 3586 570 3669 2,
605 3587 648 3651 50
670 3586 761 3671 (131)
784 3590 932 3652 Protenns
954 3594 1067 3653 obeunt
1088 3591 1240 3666 osobrr's.
1287 3588 1375 3653 Nam

228 3695 342 3761 Militis
374 3696 431 3781 IV,
464 3699 495 3778 4,
529 3697 571 3760 56
604 3696 716 3782 (1193)
750 3699 895 3761 Prorsnm
927 3703 1061 3763 Athenas
1090 3702 1248 3777 protinam
1283 3706 1375 3765 ooioo

228 3809 324 3870 te'oom
357 3807 538 3871 alibrariis
560 3807 688 3870 demum
710 3829 786 3871 suae
810 3808 926 3872 aetatis
951 3809 1214 3873 consuetudinem
1237 3831 1375 3895 sequen·

295 3994 320 4060 *)
350 3994 447 4050 Priore
472 4011 553 4048 versu
574 3996 643 4052 Tam
660 3998 716 4052 etsi
731 3993 829 4064 scripsi
846 4012 898 4064 pro
919 3996 945 4052 Τ
943 4013 1025 4053 omen
1044 4000 1099 4053 etsi
1116 3996 1145 4050 et
1165 4001 1313 4065 protinam
1332 4016 1376 4055 me

226 4101 280 4155 pro
294 4092 439 4156 protinam
457 4096 484 4145 et
500 4090 625 4158 streton,
649 4104 720 4154 quae
738 4105 794 4141 non
811 4086 908 4141 dubito
927 4106 960 4143 ex
978 4087 1211 4159 interpretatione
1233 4093 1375 4161 repetere,

227 4194 397 4247 quamquam
419 4198 453 4235 ea
474 4181 531 4234 iam
553 4180 582 4233 in
605 4180 789 4234 Ambrosiano
811 4183 933 4250 recepta.
970 4190 1015 4238 sto
1039 4184 1103 4240 ilico
1125 4182 1201 4237 idem
1226 4183 1374 4239 Ambrosi-

227 4286 296 4324 anus
312 4273 444 4340 prnebuit
463 4289 517 4343 pro
535 4275 659 4331 Stolino:
690 4273 737 4327 ubi
760 4276 871 4331 stolioio
888 4272 985 4328 Vetus.
1019 4274 1108 4330 Versu
1130 4276 1220 4331 altero
1243 4278 1275 4331 et
1290 4278 1378 4337 Perii

227 4365 256 4417 et
274 4369 329 4422 inm
346 4368 460 4435 praetor
477 4366 564 4420 libros
582 4367 676 4421 addidi
696 4366 732 4419 ad
750 4366 918 4435 supplendos
935 4384 1073 4423 numeros.
