2894 5040
485 352 662 402 raosonrn
685 351 756 401 von
779 345 979 398 Aeneam.
1239 334 1301 401 667

157 507 194 573 in
217 506 268 574 illo
289 529 399 574 versu:
422 513 474 573 Ex
496 514 568 573 vitio
590 513 718 572 alterius
739 514 862 588 sapiens
883 513 1021 572 emendat
1042 527 1137 571 nrum.
1176 504 1225 570 De
1240 527 1302 590 quo

155 639 347 705 quamquam
369 617 486 704 duplex
514 619 568 683 via
588 621 680 704 patet
701 618 879 684 iudicandi:
910 618 1013 703 possit
1034 618 1121 681 enim
1142 616 1302 702 quispiam

151 727 385 816 huncquoque
406 750 533 794 versum
554 729 589 794 in
611 729 852 797 subditiciorum
874 751 1006 795 numero
1027 728 1162 794 habere:
1191 731 1301 794 tamen

149 840 307 926 quoniam
329 841 370 908 ad
390 843 457 906 tres
479 840 550 906 illos
567 840 824 905 condemnandos
839 861 992 925 magnam
1007 839 1072 903 vim
1087 837 1206 904 habere
1221 840 1302 904 exis-

148 947 339 1017 timavimus
371 951 471 1017 libros
498 951 724 1035 Bentleian0S‚
760 955 796 1016 ut
822 951 983 1016 nobismet
1011 949 1073 1035 ipsi
1109 953 1300 1035 constemus,

148 1063 328 1128 eorundem
342 1062 534 1128 auctoritate
549 1062 635 1128 hune
650 1062 837 1146 tutabimur,
860 1063 908 1127 ita
922 1065 1043 1145 tamen,
1066 1064 1183 1126 utnon
1197 1061 1302 1146 magis

148 1190 291 1238 vacuum
312 1175 541 1259 depravatione
563 1175 671 1261 aliqua
693 1175 845 1241 ducamus
860 1196 955 1259 quam
979 1173 1115 1236 alterum
1136 1171 1227 1236 illum
1248 1171 1302 1256 qni

152 1287 321 1369 comparet
351 1285 387 1351 in
421 1285 582 1352 codicibus
610 1284 748 1351 Bentlei.
815 1284 961 1372 Namque
994 1284 1041 1350 sic
1070 1283 1195 1348 exstitit
1227 1281 1300 1347 olim

157 1393 332 1482 scriptum,
356 1399 393 1463 ut
414 1396 560 1484 equidem
583 1396 735 1462 arbitror:

308 1538 354 1598 Ex
376 1537 453 1599 vitio
476 1540 576 1599 elius
599 1539 718 1615 stpicns
741 1540 880 1598 emendat
901 1560 999 1598 suum.

157 1659 355 1735 Indicativus
378 1668 464 1734 enirn
485 1677 625 1735 emendat
648 1692 720 1734 cunr
742 1670 783 1734 ab
804 1669 976 1735 memoriae
998 1669 1060 1735 fide
1077 1668 1302 1758 praestabilior

160 1777 360 1845 coniunctivo
383 1782 442 1864 est,
465 1781 520 1865 qui
543 1780 627 1865 apud
655 1802 757 1845 unum
778 1781 949 1846 Erasmum
976 1780 1111 1865 legitur,
1140 1782 1209 1842 tum
1231 1799 1301 1843 sen-

159 1885 279 1955 tentiae
305 1890 466 1976 gravitate
501 1891 750 1956 commendatur.
806 1890 868 1955 Est
900 1894 1008 1955 autem
1041 1888 1095 1953 ille
1128 1887 1301 1953 versiculus
1319 1915 1352 1962 20

158 1996 268 2066 eodem
288 2000 527 2088 depravationis
549 2022 667 2086 genere
683 2001 826 2085 allectus,
850 2023 912 2086 quo
928 2001 1026 2065 alium
1041 1999 1201 2084 quendam
1220 1999 1301 2063 eius·

157 2101 231 2172 dem
262 2114 373 2194 poetae
409 2111 494 2195 apud
522 2110 678 2176 Senecam
705 2112 809 2197 Epist.
839 2110 960 2194 xv,2
989 2111 1059 2198 (94)
1090 2113 1110 2192 ξ
1137 2110 1179 2173 43
1210 2105 1299 2196 [item

157 2217 247 2298 apud
265 2219 468 2286 uacantium
493 2221 575 2287 lust.
600 2222 661 2287 div.
685 2221 716 2306 Ι,
743 2223 792 2306 16,
819 2224 871 2288 10:
900 2221 936 2287 in
964 2220 1134 2288 Ribbeckii
1164 2217 1301 2286 Oomieis

156 2341 181 2407 p.
213 2329 277 2397 110
297 2334 330 2399 et
350 2329 444 2418 2611:

307 2475 356 2534 Ab
379 2473 456 2534 tlio
478 2476 648 2552 exspectare,
668 2476 755 2534 elteri
779 2475 860 2552 quod
882 2475 1006 2547 feceris,

158 2607 377 2688 wrruperunt
401 2605 466 2688 qui,
490 2607 572 2692 quod
596 2606 628 2670 in
646 2605 837 2690 quibusdam
852 2605 1086 2689 exemplaribus
1107 2604 1236 2689 legitur,
1260 2610 1298 2668 ab

158 2708 257 2775 altero
274 2752 319 2797 -‚
343 2721 534 2801 receperunt
554 2717 601 2781 sic
624 2717 829 2781 conciliatum
851 2737 923 2780 eum
944 2727 1088 2796 exspecta
1111 2713 1301 2798 imperativo

158 2826 283 2888 suomet
295 2825 427 2891 arbitrio
443 2827 584 2892 invecto:
608 2833 652 2891 Ab
667 2831 763 2893 altero
785 2837 939 2907 exspecta,
964 2829 1055 2892 dlteri
1068 2831 1151 2906 quod
1167 2827 1300 2903 seceris:

159 2917 187 2982 id
213 2935 295 3013 quod
316 2958 430 3024 parum
453 2937 651 3006 considerate
674 2937 808 3006 Bothius
831 2937 1023 3024 instituor)

684 3389 779 3480 Ψ)

337 3567 497 3654 ongean
519 3568 792 3637 mariannan
815 3542 1015 3657 enzugeuen
1038 3570 1108 3636 ner
1128 3568 1222 3635 aaut
1243 3568 1366 3633 4144444

167 3649 229 3735 Oti
240 3678 306 3745 sein
326 3679 427 3764 kann,
451 3700 486 3745 so
501 3681 545 3747 sei
563 3703 596 3747 es
612 3681 693 3747 doeh
708 3681 780 3747 dem
796 3681 868 3748 Itef.
886 3684 1042 3770 gestattet
1063 3681 1158 3746 einen
1180 3679 1299 3746 sowohl
1420 3693 1423 3698 '

167 3804 361 3848 κ.-

170 3997 175 4010 .
231 3932 252 4000 ⁸)
268 3934 366 3991 ‘Obliti
383 3953 477 3992 sumus
494 3935 668 3992 Prisciani
684 3937 772 3992 verba
783 3936 822 3991 v1
834 3956 862 4007 p.
875 3943 925 3992 oet
937 3938 980 3991 P.:
999 3938 1047 3991 «ct
1064 3936 1205 3990 sciendum
1224 3935 1299 4004 quod

168 4016 198 4064 ¹¹¹
213 4023 254 4084 les
268 4029 477 4085 terminantium
495 4031 639 4099 genetivus
656 4031 786 4101 producit
802 4030 1003 4101 paenultimam
1022 4072 1069 4085 ...
1091 4029 1208 4098 excepto
1227 4031 1301 4088 ulter

171 4104 297 4182 “leam
317 4124 347 4179 in
369 4140 432 4179 eam
454 4125 565 4194 partem
586 4124 777 4194 interpretari,
801 4127 832 4178 ut
849 4142 915 4179 suae
933 4125 1035 4179 aetatis
1052 4140 1168 4194 pravam
1187 4139 1300 4178 consue·

172 4192 285 4271 tu(tillem
296 4217 490 4273 commendare
503 4217 718 4286 grammaticum
730 4226 923 4272 censeremus)
935 4245 969 4256 -
983 4218 1197 4290 [EaAddendr's
1206 4237 1235 4286 p.
1243 4216 1298 4287 ld]

230 4312 267 4376 ⁸⁹)
285 4308 355 4382 [Aue
373 4309 424 4365 der
441 4309 623 4378 (Hallischen)
646 4310 718 4380 ung.
737 4311 916 4379 LitZeitung
940 4316 1004 4366 1833
1026 4311 1095 4365 Nov.
1118 4328 1145 4379 p.
1163 4317 1300 4366 rer—loo

176 4388 290 4474 (1444144
305 4419 362 4458 von
380 4402 413 4459 u.
431 4402 452 4458 1.
470 4399 562 4459 vorsu
579 4403 756 4461 unsarans
774 4403 817 4460 eu.
836 4406 866 4458 c.
885 4403 1010 4460 romeu.
1038 4404 1108 4460 Pan
1126 4403 1170 4476 n]
