2850 5032
183 317 246 380 390
467 331 707 392 ‹avausrrouns
730 329 1037 378 'roroauarurcan

182 485 343 550 luvenalis
371 507 496 550 versum
525 506 593 549 esse
624 485 652 567 l,
680 484 740 548 105
768 505 841 547 vere
870 480 1031 548 Beckerus
1061 483 1232 569 perspexit.

184 618 256 660 vcro
283 619 350 660 non
377 597 483 659 minus
511 595 655 678 profecto
678 594 854 659 solitariam
877 597 1000 678 septem
1023 616 1092 659 esse
1118 594 1285 659 tabemm

182 707 377 771 mentionem
400 705 631 770 recordandum
653 709 717 769 est:
752 727 832 790 quas
855 727 926 769 cum
948 726 1039 786 saepe
1062 727 1135 770 curn
1156 712 1238 772 novet
1256 728 1285 769 ιι

182 817 351 881 memorari
373 816 581 901 Visseringus
603 815 700 899 dixit,
731 816 847 900 idque
869 796 1023 899 sponsore
1044 815 1164 880 dixerit
1191 815 1257 900 ipse

182 927 283 992 derit.¹
319 927 390 990 Hoc
417 926 518 1010 igitur
547 926 574 989 si
598 926 687 989 livio
710 925 882 1009 credimus,
914 949 970 990 eur
996 948 1062 991 non
1090 925 1169 990 illud
1191 947 1285 1012 quoq

127 1054 162 1101 vu
184 1037 290 1121 aliquo
323 1041 395 1120 post
426 1032 623 1100 instatuatae
657 1039 778 1121 septem
809 1040 952 1120 tempore
983 1036 1189 1102 imminutum
1221 1036 1285 1101 ali·

184 1170 259 1211 casu
282 1169 451 1211 numerum
473 1147 508 1210 in
532 1168 644 1211 caussa
666 1146 764 1211 fuisse
787 1149 930 1210 mutatae
951 1147 1199 1231 appellationis?
1225 1146 1285 1222 Qu

184 1260 219 1320 ut
248 1257 301 1322 hic
326 1259 589 1323 commemoraret
612 1257 765 1340 scriptor,
791 1278 827 1320 eo
849 1257 920 1341 ipso
941 1261 1047 1322 motus
1070 1261 1129 1341 est,
1153 1256 1235 1343 quod
1255 1278 1285 1321 ει

184 1368 274 1434 tradis
303 1369 404 1452 partis
431 1367 583 1432 tabernas
605 1390 624 1430 a
652 1389 785 1432 numero
813 1369 908 1431 ducto
930 1368 1061 1432 nomine
1082 1380 1210 1452 septem,
1232 1390 1285 1453 qu

185 1503 204 1543 a
226 1482 369 1563 tempore
391 1480 486 1542 ducto
509 1489 620 1542 ueteres
642 1477 747 1542 dicere
761 1476 929 1560 maluerat,
953 1479 988 1543 in
1004 1500 1104 1563 coque
1119 1501 1212 1563 quem
1230 1499 1285 1542 ser

185 1583 349 1654 institerat
371 1611 464 1654 cursu
487 1611 621 1674 pergere
647 1588 748 1652 satius
775 1588 876 1652 duxit.
905 1587 977 1652 Nisi
999 1590 1083 1653 forte
1105 1611 1181 1674 pars
1202 1591 1285 1653 tant

186 1703 328 1764 veterum
357 1703 480 1784 septem
507 1701 660 1764 tabernae
688 1699 835 1782 fuerunt,
868 1703 900 1762 et
929 1700 969 1763 ad
995 1699 1055 1763 has
1078 1699 1173 1782 solas,
1196 1722 1259 1765 non

186 1813 308 1874 veteres
339 1810 504 1874 universas
537 1810 721 1875 incendium
754 1809 953 1893 pertinebat:
984 1810 1068 1895 quae
1096 1808 1230 1875 Beckeri
1259 1830 1285 1872 e

187 1921 348 1985 sententia
376 1921 510 1984 videtur.
564 1919 625 1984 Sed
653 1942 694 1984 nc
713 1912 779 2003 per
806 1942 838 1985 se
866 1919 993 2003 quidem
1016 1919 1220 1985 artificiosius
1251 1916 1285 1983 il]

188 2031 304 2095 Mureti
328 2033 542 2094 commentum
557 2030 685 2113 probari
702 2033 817 2112 potest.
847 2029 931 2094 Nam
946 2031 1087 2114 primum
1107 2031 1142 2094 in
1164 2031 1285 2113 antiq

187 2141 268 2205 libro
290 2153 347 2205 vce.
371 2140 420 2203 vel
453 2148 536 2202 VET.
561 2140 667 2223 potius
689 2141 845 2223 seriptum
866 2139 964 2204 fuisse
987 2162 1045 2225 pro
1067 2152 1192 2224 veteres,
1220 2141 1252 2205 id
1279 2160 1285 2201 l

188 2251 273 2314 nime
303 2249 452 2325 credibile
481 2252 547 2330 est,
584 2249 639 2312 sed
661 2250 744 2333 quod
767 2250 904 2314 sciamus
927 2271 1056 2333 prorsus
1079 2254 1207 2335 praeter
1228 2268 1285 2316 exe

189 2359 287 2443 plum.
317 2359 366 2423 De
381 2380 418 2422 eo
440 2359 527 2422 enim
548 2357 672 2421 fallitur
688 2357 897 2444 Beckerus*),
921 2360 1004 2445 quod
1027 2363 1192 2445 tamquam
1216 2361 1285 2425 Mu]

189 2470 286 2533 verba
307 2469 387 2533 haec
409 2470 531 2552 posuit:
554 2473 644 2532 hebet
665 2475 742 2532 enim
759 2477 902 2549 oretanus
923 2475 1009 2552 liber,
1033 2492 1097 2554 qua
1118 2471 1154 2534 in
1175 2471 1285 2535 retra

190 2582 219 2644 ei
257 2579 321 2643 fuit
352 2578 680 2643 Drakenborehianae
713 2579 861 2643 editionis
894 2580 1022 2644 vitium:
1063 2600 1139 2644 nam
1179 2580 1221 2644 ab
1264 2578 1283 2641 i

191 2691 315 2754 Mureto
338 2691 493 2772 scripturn
516 2693 565 2754 est
586 2694 728 2768 tedebat,
762 2711 822 2754 nec
855 2692 882 2754 is
905 2691 943 2754 de
967 2693 1053 2754 certo
1075 2689 1175 2771 libro,
1210 2690 1244 2755 in
1277 2713 1285 2746 ε

191 2800 269 2864 illud
284 2823 318 2864 re
334 2822 408 2863 vera
424 2800 593 2882 exstiterit,
615 2800 787 2863 ullomodo
804 2800 969 2885 cogitavit.
1000 2800 1062 2865 Sed
1078 2800 1138 2865 hoc
1154 2805 1191 2864 ut
1208 2800 1285 2865 dem

192 2910 269 2973 illud
302 2911 371 2973 lieri
404 2910 544 2992 potuisse
576 2910 783 2993 pertinaciter
816 2931 982 2994 negamus,
1016 2914 1052 2974 ut
1077 2911 1123 2975 sic
1146 2912 1285 2976 variaret

192 3019 279 3083 nullo
313 3020 439 3103 quidem
472 3019 652 3083 sententiae
674 3020 868 3103 discrimine,
891 3023 1008 3085 oratio:
1032 3043 1111 3101 quae
1130 3035 1267 3101 posteo

193 3142 279 3207 teres,
305 3166 347 3177 -
368 3152 446 3208 quoe
468 3150 562 3194 nurrc
585 3151 679 3194 rrouec
702 3137 905 3210 appellentur.
951 3129 1021 3194 Nisi
1048 3132 1132 3195 forte
1156 3131 1285 3216 elegam

194 3242 252 3323 est,
277 3240 447 3303 variandae
469 3241 624 3304 orationis
657 3262 769 3303 caussa
792 3244 933 3304 evertere
954 3245 1076 3304 rectam
1099 3245 1132 3304 et
1158 3241 1285 3325 simpli(

195 3349 357 3434 cogitandi
379 3350 547 3412 rationem.
578 3352 679 3425 (luam
694 3351 821 3433 quidem
837 3354 893 3414 aut
908 3373 989 3416 etune
1003 3355 1060 3415 aut
1077 3366 1186 3434 postea
1203 3355 1285 3415 utro

194 3462 263 3524 leco
285 3459 444 3544 requirere
466 3460 630 3541 fatebitur,
654 3462 708 3544 qui
730 3460 869 3524 noluisse
888 3460 1011 3524 Livium
1034 3462 1161 3546 aliquod
1183 3466 1285 3546 temp

194 3569 398 3635 intervallrnn
437 3568 544 3633 dedita
583 3592 680 3654 opera
714 3571 896 3654 significare
928 3572 1137 3636 concesserit:
1184 3588 1285 3637 <sones

261 3885 288 3952 *l
312 3883 387 3938 Idem
411 3901 482 3951 quae
505 3883 624 3937 suliiecit
646 3885 740 3938 adnot.
765 3902 792 3954 p.
811 3891 874 3940 ⁴207:
905 3888 974 3943 dass
992 3889 1034 3943 sie
1054 3886 1175 3955 (septem
1192 3885 1285 3941 tabet

195 3979 264 4033 oter
282 3979 340 4046 ures
353 3981 405 4034 der
423 3978 498 4035 Scite
517 3980 569 4035 der·
588 3979 684 4035 Novae
702 3981 816 4047 ffeleqcn
834 3981 925 4035 habea
945 3981 1059 4044 sonan,
1078 3982 1116 4036 ist
1133 3981 1226 4036 (lieret
1246 3978 1285 4035 ni·

195 4073 348 4135 erwirsea,
372 4075 410 4138 je
435 4073 512 4127 niele!
533 4073 639 4127 carmel
660 4073 899 4128 wulrselurinlich
917 4091 940 4126 e.
961 4089 987 4138 q.
1008 4090 1040 4137 s,
1062 4072 1207 4139 haecque
1225 4073 1285 4126 tam

196 4163 321 4230 spectare
340 4163 469 4229 voluerit,
493 4182 605 4233 prorsus
628 4182 677 4217 nos
701 4164 797 4231 sugere
816 4166 944 4220 fatemur.
980 4164 1052 4218 Nam
1070 4164 1152 4232 illud,
1171 4157 1285 4232 quood

197 4270 261 4322 ceps
280 4253 403 4324 pluribus
421 4256 578 4325 impugnat,
596 4274 648 4310 nec
659 4257 784 4310 Muretus
802 4251 902 4310 statarii
920 4266 971 4304 nee
989 4264 1125 4319 quantum
1144 4259 1246 4312 seimus
1263 4270 1285 4320 q

197 4361 279 4411 quum
297 4346 374 4400 alius.
