2894 5040
204 101 268 166 402
514 115 789 167 uuxuusrroxus
811 117 1047 166 uxscsroars.

206 270 292 335 illius
320 270 427 336 locum
452 270 644 353 substituas,
678 291 745 334 non
774 292 845 334 eam
874 271 1002 355 quidem
1031 269 1256 334 abstrusiorem
1276 258 1444 333 r'io

206 382 430 464 lentioremve,
459 380 543 464 quod
571 403 675 466 genus
696 380 805 445 nullae
827 380 921 444 uobis
942 381 977 446 iu
1000 382 1153 466 promptu
1175 382 1261 461 suut,
1286 378 1442 445 Ξθά

206 492 372 578 aliquanto
386 496 498 556 tamen
511 491 775 574 reconditiorem,
799 491 934 555 lenitate
954 493 1062 555 autem
1082 512 1204 576 parem.
1241 492 1436 557 Anam

206 603 293 667 enim
314 602 497 687 Lysimachi
518 624 650 668 uxorem
666 595 866 685 conspiciens
881 601 916 665 in
937 604 1028 667 actus
1042 600 1091 666 IV
1106 623 1225 668 scaena
1237 604 1430 687 qauz-sl

207 735 319 796 cocus,
348 734 406 798 pro
428 735 491 797 qua
514 713 650 777 amicam
678 711 915 777 meretriculam
938 715 1191 797 exspectaverat,
1214 713 1248 778 in
1267 713 1423 777 haec

207 825 304 889 verba
324 847 354 888 v.
381 827 421 889 15
445 822 529 912 [755]
555 825 692 908 erumpit
715 822 973 888 cavillabundus:

359 982 440 1042 Satis
463 983 571 1042 scitum
593 983 678 1041 filum
699 983 846 1042 mulieris:
869 982 970 1040 uirum
991 982 1090 1042 hercle
1113 986 1194 1043 aust.

207 1130 261 1198 Sic
283 1130 385 1215 enim,
406 1137 507 1213 filum,
530 1131 706 1196 rectissime
728 1130 774 1196 lo.
798 1130 947 1214 Baptista
969 1130 1047 1195 Pius
1069 1152 1128 1215 pro
1148 1137 1260 1208 filium:
1280 1120 1388 1195 feli‘
1440 1159 1442 1164 ’

140 1252 192 1302 llll
212 1241 280 1307 cior
305 1241 360 1306 ille
389 1241 552 1306 coniector
577 1240 658 1306 Iano
681 1240 868 1324 Gulielmio,
900 1242 951 1307 cui
978 1241 1102 1326 reliqua
1129 1248 1231 1308 cirron
1251 1227 1385 1307 axell

210 1363 277 1418 avet
299 1351 472 1435 debentur,
502 1373 519 1416 e
545 1352 703 1437 principis
731 1352 921 1436 exemplaris
943 1352 1104 1436 scriptura
1125 1374 1233 1418 aarum
1253 1336 1381 1417 laud

209 1475 280 1528 auce
302 1462 429 1528 effecta:
467 1461 629 1527 sententia
657 1461 838 1528 mehercule
865 1462 1094 1548 frigidissima,
1127 1463 1285 1529 vocabulo
1306 1483 1347 1528 ne

208 1572 360 1638 Plautino
398 1573 536 1658 quidem.
588 1572 658 1637 Nec
689 1574 761 1658 plus
800 1573 1032 1659 praestiterrmt
1070 1574 1170 1638 ceteri
1206 1575 1344 1640 nimirum

207 1685 378 1764 διορθωταὶ
400 1684 525 1749 Plauti:
558 1684 656 1749 immo
678 1685 742 1749 alia
765 1683 837 1749 aliis
859 1684 1019 1769 ineptiora
1041 1683 1162 1767 Aldus,
1186 1684 1347 1771 Mennim,

207 1792 401 1878 Palmerius,
432 1794 577 1879 Oolvius,
608 1795 764 1861 Gruterus
787 1795 974 1877 commenti,
1003 1816 1139 1879 quorum
1161 1795 1353 1863 honorificae

206 1905 365 1969 mentioni
388 1906 569 1970 consultum
597 1907 702 1971 estin
724 1905 1002 1971 Taubmanniana.
1047 1904 1131 1981 Quid
1160 1910 1273 1972 autem
1292 1930 1357 1974 non

207 2014 285 2079 boni
318 2015 439 2099 critici,
474 2017 529 2081 sed
555 2016 630 2082 libri
659 2016 761 2081 boni?
803 2016 976 2081 Enimvero
1008 2038 1114 2082 ucrwn
1147 2023 1254 2084 hercle
1283 2031 1362 2086 mart

209 2124 308 2195 Vetus
331 2128 444 2211 codex,
478 2150 582 2193 umam
614 2133 717 2192 hercle
743 2149 784 2192 aa
814 2139 844 2192 et
870 2127 1065 2192 Decurtatus
1089 2150 1163 2192 cum
1184 2127 1361 2196 Vaticano.
1410 2134 1447 2211 ζῗ

209 2239 352 2324 Scriptos
377 2238 500 2304 codices
523 2239 578 2323 qui
599 2238 707 2324 legere
730 2238 887 2322 didicerit,
910 2259 977 2303 non
999 2238 1163 2303 dubitabit
1184 2238 1228 2305 de
1250 2241 1366 2308 verbo:
1419 2221 1429 2248 ⁷

208 2373 269 2416 uec
290 2350 413 2436 magis,
451 2349 506 2434 qui
528 2349 709 2414 sententiae
733 2349 987 2414 concinnitatem
1010 2349 1198 2433 observare,
1235 2350 1278 2417 de
1301 2353 1366 2438 epi·

207 2463 299 2526 theto
319 2468 403 2537 filum
425 2460 576 2525 nominis.
624 2458 753 2525 Certum
775 2464 825 2524 est
846 2460 1011 2544 scripsisse
1033 2459 1187 2525 Plautum

338 2618 418 2678 Satis
441 2622 603 2694 spissum
625 2617 710 2677 filum
732 2618 879 2678 mulieris:
902 2639 1006 2679 verum
1027 2619 1127 2678 hercle
1150 2626 1258 2682 anet:

208 2815 301 2878 quem
325 2793 516 2856 admodum
538 2798 671 2856 tunicum
693 2799 820 2873 spissam
842 2792 926 2857 idem
949 2792 1031 2856 dixit
1050 2792 1183 2878 Epidici
1199 2794 1247 2881 H,
1264 2797 1297 2881 2,
1313 2798 1365 2863 46.

207 2904 349 2989 Inrepsit
376 2903 462 2967 enim
484 2909 590 2968 scitum
617 2901 697 2966 illud
726 2925 764 2966 ex
791 2903 837 2967 eis
865 2924 947 2987 quae
978 2904 1226 2988 subsequuntur
1258 2916 1367 2975 scitum

208 3021 310 3081 hercle
335 3013 470 3100 [opinor]
495 3036 569 3078 sone
590 3019 787 3078 concubinum
810 3020 900 3079 tanc.
916 3053 959 3064 —
981 3016 1037 3097 At,
1062 3015 1180 3099 inquit,
1207 3019 1367 3103 ignorant

209 3124 261 3189 vel
284 3146 376 3189 ancre
398 3124 449 3188 vel
471 3145 616 3190 unescere
637 3123 786 3206 verbum,
821 3145 879 3208 pro
907 3146 969 3209 quo
998 3132 1140 3190 onililari
1164 3127 1365 3212 Appuleius

210 3236 356 3300 doctores
385 3235 509 3299 scilicet
537 3235 668 3319 linguae
695 3233 925 3319 lexicographi.
970 3236 1017 3299 At
1044 3236 1121 3320 quid
1142 3235 1194 3300 illi
1216 3260 1288 3303 non
1312 3243 1366 3304 ant

211 3346 366 3431 ignorant
387 3345 574 3430 pauperculi
598 3348 654 3409 aut
675 3345 771 3409 nimis
794 3344 942 3409 liberales
964 3345 1108 3410 norunt?
1142 3345 1224 3411 Non
1247 3371 1266 3412 e
1289 3349 1365 3414 lexi-

210 3454 383 3542 cographis
411 3455 582 3538 scriptores
605 3456 762 3539 pendent,
792 3457 846 3520 scd
877 3477 894 3519 e
917 3455 1128 3540 scriptoribus
1150 3458 1366 3542 scriptorum·

209 3588 270 3651 que
292 3565 422 3649 scriptis
445 3566 606 3630 codicibus
628 3565 768 3650 pendere
790 3564 1035 3650 lexicographos
1058 3566 1160 3631 decet.
1202 3567 1309 3635 Velut
1331 3574 1367 3635 ut

210 3676 356 3759 exemplo
383 3678 458 3738 utar
486 3677 569 3760 quod
597 3676 795 3740 commodum
822 3675 857 3739 in
884 3679 1027 3741 mentem
1055 3677 1160 3759 venit,
1192 3679 1367 3745 nulluma
1398 3662 1401 3667 ¹

209 3785 321 3849 lexicis
344 3786 538 3866 praesidium
559 3787 685 3850 invenit
700 3786 783 3870 quod
799 3784 902 3852 Stichi
925 3810 955 3852 v.
980 3787 1041 3852 733
1063 3789 1274 3873 reposuimus
1296 3798 1367 3858 nolo

208 3898 473 3960 obsordescat:
510 3903 603 3961 ulium
631 3903 732 3961 ludum
760 3918 842 3962 nunc
871 3904 953 3962 volo:
989 3897 1212 3964 firmissimam
1243 3923 1367 3966 cuma

207 4003 299 4068 libris
321 4001 416 4066 fidem
437 4004 550 4089 habet,
579 4014 649 4100 nolo
670 4013 810 4072 oblaedes
831 4006 895 4091 (rel
917 4009 1058 4094 opccdes)
1080 4015 1183 4075 catali
1202 4024 1239 4077 at
1260 4019 1366 4080 ludum

209 4110 428 4198 prodentibus,
451 4119 520 4178 tum
544 4117 584 4179 ab
607 4116 759 4202 analogia
782 4118 1108 4204 commendationem,
1131 4141 1221 4206 quac
1244 4127 1281 4190 et
1303 4137 1365 4191 tue·
