<?xml version="1.0" encoding="UTF-8"?>
<!DOCTYPE html PUBLIC "-//W3C//DTD XHTML 1.0 Transitional//EN"
    "http://www.w3.org/TR/xhtml1/DTD/xhtml1-transitional.dtd">
<html xmlns="http://www.w3.org/1999/xhtml" xml:lang="en" lang="en">
 <head>
  <title>
</title>
<meta http-equiv="Content-Type" content="text/html;charset=utf-8" />
  <meta name='ocr-system' content='tesseract 3.04.00' />
  <meta name='ocr-capabilities' content='ocr_page ocr_carea ocr_par ocr_line ocrx_word'/>
</head>
<body>
  <div class='ocr_page' id='page_1' title='image "./fridericiritsch01ritsgoog_0695.png"; bbox 0 0 2894 5040; ppageno 0'>
   <div class='ocr_carea' id='block_1_1' title="bbox 493 329 1310 396">
    <p class='ocr_par' dir='ltr' id='par_1_1' title="bbox 493 329 1310 396">
     <span class='ocr_line' id='line_1_1' title="bbox 493 329 1310 396; baseline 0.005 -4"><span class='ocrx_word' id='word_1_1' title='bbox 493 345 669 396; x_wconf 80' lang='lat' dir='ltr'>raosonm</span> <span class='ocrx_word' id='word_1_2' title='bbox 691 344 761 392; x_wconf 81' lang='lat' dir='ltr'>voa</span> <span class='ocrx_word' id='word_1_3' title='bbox 786 340 985 394; x_wconf 69' lang='lat' dir='ltr'>aaronica.</span> <span class='ocrx_word' id='word_1_4' title='bbox 1247 329 1310 396; x_wconf 83' lang='grc'>665</span> 
     </span>
    </p>
   </div>
   <div class='ocr_carea' id='block_1_2' title="bbox 95 500 1364 4461">
    <p class='ocr_par' dir='ltr' id='par_1_2' title="bbox 146 500 1314 2469">
     <span class='ocr_line' id='line_1_2' title="bbox 146 500 1311 586; baseline -0.002 -17"><span class='ocrx_word' id='word_1_5' title='bbox 146 523 277 570; x_wconf 78' lang='lat' dir='ltr'>versus</span> <span class='ocrx_word' id='word_1_6' title='bbox 297 502 395 569; x_wconf 83' lang='lat' dir='ltr'>verba</span> <span class='ocrx_word' id='word_1_7' title='bbox 417 501 463 565; x_wconf 88' lang='lat' dir='ltr'>sic</span> <span class='ocrx_word' id='word_1_8' title='bbox 485 501 625 586; x_wconf 84' lang='lat' dir='ltr'>possint,</span> <span class='ocrx_word' id='word_1_9' title='bbox 654 522 768 585; x_wconf 82' lang='lat' dir='ltr'>pamm</span> <span class='ocrx_word' id='word_1_10' title='bbox 789 500 918 585; x_wconf 91' lang='lat' dir='ltr'>quidem</span> <span class='ocrx_word' id='word_1_11' title='bbox 945 500 1121 586; x_wconf 73' lang='lat' dir='ltr'>eleganter,</span> <span class='ocrx_word' id='word_1_12' title='bbox 1146 501 1311 567; x_wconf 90' lang='lat' dir='ltr'>collocari:</span> 
     </span>
     <span class='ocr_line' id='line_1_3' title="bbox 146 610 1310 696; baseline -0.002 -17"><span class='ocrx_word' id='word_1_13' title='bbox 146 620 315 679; x_wconf 80' lang='lat' dir='ltr'>Damnwn</span> <span class='ocrx_word' id='word_1_14' title='bbox 337 619 464 678; x_wconf 71' lang='lat' dir='ltr'>ramas</span> <span class='ocrx_word' id='word_1_15' title='bbox 485 633 513 676; x_wconf 92' lang='lat' dir='ltr'>e.</span> <span class='ocrx_word' id='word_1_16' title='bbox 529 633 560 696; x_wconf 88' lang='lat' dir='ltr'>q.</span> <span class='ocrx_word' id='word_1_17' title='bbox 576 632 614 695; x_wconf 90' lang='lat' dir='ltr'>s.,</span> <span class='ocrx_word' id='word_1_18' title='bbox 640 615 672 676; x_wconf 90' lang='lat' dir='ltr'>et</span> <span class='ocrx_word' id='word_1_19' title='bbox 693 611 789 676; x_wconf 88' lang='lat' dir='ltr'>tertio</span> <span class='ocrx_word' id='word_1_20' title='bbox 811 610 881 676; x_wconf 89' lang='lat' dir='ltr'>tolli</span> <span class='ocrx_word' id='word_1_21' title='bbox 895 611 1106 696; x_wconf 76' lang='lat' dir='ltr'>praepositio:</span> <span class='ocrx_word' id='word_1_22' title='bbox 1136 618 1215 678; x_wconf 82' lang='lat' dir='ltr'>Vitio</span> <span class='ocrx_word' id='word_1_23' title='bbox 1236 619 1310 677; x_wconf 80' lang='lat' dir='ltr'>alte·</span> 
     </span>
     <span class='ocr_line' id='line_1_4' title="bbox 146 722 1310 808; baseline -0.003 -17"><span class='ocrx_word' id='word_1_24' title='bbox 146 731 236 792; x_wconf 78' lang='lat' dir='ltr'>rius</span> <span class='ocrx_word' id='word_1_25' title='bbox 253 731 374 805; x_wconf 80' lang='lat' dir='ltr'>sapiens</span> <span class='ocrx_word' id='word_1_26' title='bbox 395 746 423 788; x_wconf 92' lang='lat' dir='ltr'>e.</span> <span class='ocrx_word' id='word_1_27' title='bbox 446 746 477 808; x_wconf 88' lang='lat' dir='ltr'>q.</span> <span class='ocrx_word' id='word_1_28' title='bbox 502 745 545 787; x_wconf 92' lang='lat' dir='ltr'>s.:</span> <span class='ocrx_word' id='word_1_29' title='bbox 572 725 683 786; x_wconf 89' lang='lat' dir='ltr'>tamon</span> <span class='ocrx_word' id='word_1_30' title='bbox 710 722 760 787; x_wconf 89' lang='lat' dir='ltr'>vel</span> <span class='ocrx_word' id='word_1_31' title='bbox 782 724 993 807; x_wconf 76' lang='lat' dir='ltr'>transponere</span> <span class='ocrx_word' id='word_1_32' title='bbox 1014 722 1111 786; x_wconf 88' lang='lat' dir='ltr'>verba</span> <span class='ocrx_word' id='word_1_33' title='bbox 1135 723 1185 786; x_wconf 94' lang='lat' dir='ltr'>vel</span> <span class='ocrx_word' id='word_1_34' title='bbox 1207 723 1310 788; x_wconf 87' lang='lat' dir='ltr'>eicere</span> 
     </span>
     <span class='ocr_line' id='line_1_5' title="bbox 149 832 1310 918; baseline -0.003 -16"><span class='ocrx_word' id='word_1_35' title='bbox 149 856 241 903; x_wconf 83' lang='lat' dir='ltr'>oum</span> <span class='ocrx_word' id='word_1_36' title='bbox 263 857 313 900; x_wconf 90' lang='lat' dir='ltr'>res</span> <span class='ocrx_word' id='word_1_37' title='bbox 336 836 379 900; x_wconf 86' lang='lat' dir='ltr'>sit</span> <span class='ocrx_word' id='word_1_38' title='bbox 400 833 480 898; x_wconf 84' lang='lat' dir='ltr'>satis</span> <span class='ocrx_word' id='word_1_39' title='bbox 502 833 609 916; x_wconf 89' lang='lat' dir='ltr'>dubia,</span> <span class='ocrx_word' id='word_1_40' title='bbox 633 837 702 897; x_wconf 90' lang='lat' dir='ltr'>tam</span> <span class='ocrx_word' id='word_1_41' title='bbox 723 832 911 916; x_wconf 89' lang='lat' dir='ltr'>plenissima</span> <span class='ocrx_word' id='word_1_42' title='bbox 934 833 1144 898; x_wconf 88' lang='lat' dir='ltr'>dubitationis</span> <span class='ocrx_word' id='word_1_43' title='bbox 1166 837 1232 918; x_wconf 89' lang='lat' dir='ltr'>est,</span> <span class='ocrx_word' id='word_1_44' title='bbox 1256 833 1310 899; x_wconf 90' lang='lat' dir='ltr'>ubi</span> 
     </span>
     <span class='ocr_line' id='line_1_6' title="bbox 147 943 1311 1030; baseline -0.003 -18"><span class='ocrx_word' id='word_1_45' title='bbox 147 967 233 1012; x_wconf 87' lang='lat' dir='ltr'>aon</span> <span class='ocrx_word' id='word_1_46' title='bbox 254 946 360 1030; x_wconf 91' lang='lat' dir='ltr'>modo,</span> <span class='ocrx_word' id='word_1_47' title='bbox 384 966 440 1011; x_wconf 91' lang='lat' dir='ltr'>cur</span> <span class='ocrx_word' id='word_1_48' title='bbox 462 945 562 1009; x_wconf 87' lang='lat' dir='ltr'>sinta</span> <span class='ocrx_word' id='word_1_49' title='bbox 584 945 724 1008; x_wconf 87' lang='lat' dir='ltr'>librariis</span> <span class='ocrx_word' id='word_1_50' title='bbox 746 943 883 1008; x_wconf 87' lang='lat' dir='ltr'>traiecta</span> <span class='ocrx_word' id='word_1_51' title='bbox 896 944 947 1008; x_wconf 88' lang='lat' dir='ltr'>vel</span> <span class='ocrx_word' id='word_1_52' title='bbox 968 945 1082 1028; x_wconf 88' lang='lat' dir='ltr'>eiecta,</span> <span class='ocrx_word' id='word_1_53' title='bbox 1106 967 1220 1029; x_wconf 90' lang='lat' dir='ltr'>parum</span> <span class='ocrx_word' id='word_1_54' title='bbox 1241 966 1311 1030; x_wconf 88' lang='lat' dir='ltr'>per·</span> 
     </span>
     <span class='ocr_line' id='line_1_7' title="bbox 148 1054 1312 1142; baseline -0.001 -22"><span class='ocrx_word' id='word_1_55' title='bbox 148 1057 316 1142; x_wconf 84' lang='lat' dir='ltr'>spicitur,</span> <span class='ocrx_word' id='word_1_56' title='bbox 346 1056 522 1122; x_wconf 88' lang='lat' dir='ltr'>sedetiam</span> <span class='ocrx_word' id='word_1_57' title='bbox 549 1056 582 1120; x_wconf 90' lang='lat' dir='ltr'>id</span> <span class='ocrx_word' id='word_1_58' title='bbox 604 1055 674 1119; x_wconf 90' lang='lat' dir='ltr'>fieri</span> <span class='ocrx_word' id='word_1_59' title='bbox 696 1054 748 1118; x_wconf 81' lang='lat' dir='ltr'>vix</span> <span class='ocrx_word' id='word_1_60' title='bbox 776 1055 917 1139; x_wconf 87' lang='lat' dir='ltr'>potuisse</span> <span class='ocrx_word' id='word_1_61' title='bbox 945 1057 1012 1119; x_wconf 86' lang='lat' dir='ltr'>tam</span> <span class='ocrx_word' id='word_1_62' title='bbox 1039 1057 1132 1141; x_wconf 90' lang='lat' dir='ltr'>gravi</span> <span class='ocrx_word' id='word_1_63' title='bbox 1154 1055 1312 1120; x_wconf 85' lang='lat' dir='ltr'>evincitur</span> 
     </span>
     <span class='ocr_line' id='line_1_8' title="bbox 150 1164 1310 1256; baseline 0 -24"><span class='ocrx_word' id='word_1_64' title='bbox 150 1172 375 1256; x_wconf 83' lang='lat' dir='ltr'>argumento,</span> <span class='ocrx_word' id='word_1_65' title='bbox 399 1167 492 1254; x_wconf 90' lang='lat' dir='ltr'>quale</span> <span class='ocrx_word' id='word_1_66' title='bbox 513 1167 575 1232; x_wconf 93' lang='lat' dir='ltr'>hoc</span> <span class='ocrx_word' id='word_1_67' title='bbox 597 1170 662 1249; x_wconf 90' lang='lat' dir='ltr'>est,</span> <span class='ocrx_word' id='word_1_68' title='bbox 691 1166 775 1250; x_wconf 92' lang='lat' dir='ltr'>quod</span> <span class='ocrx_word' id='word_1_69' title='bbox 797 1164 974 1230; x_wconf 88' lang='lat' dir='ltr'>Publianae</span> <span class='ocrx_word' id='word_1_70' title='bbox 997 1167 1178 1232; x_wconf 87' lang='lat' dir='ltr'>sententiae</span> <span class='ocrx_word' id='word_1_71' title='bbox 1200 1189 1310 1232; x_wconf 86' lang='lat' dir='ltr'>secun·</span> 
     </span>
     <span class='ocr_line' id='line_1_9' title="bbox 151 1277 1310 1361; baseline 0 -18"><span class='ocrx_word' id='word_1_72' title='bbox 151 1278 241 1345; x_wconf 77' lang='lat' dir='ltr'>&lt;lum</span> <span class='ocrx_word' id='word_1_73' title='bbox 265 1281 446 1346; x_wconf 88' lang='lat' dir='ltr'>litterarum</span> <span class='ocrx_word' id='word_1_74' title='bbox 468 1278 611 1343; x_wconf 87' lang='lat' dir='ltr'>ordinem</span> <span class='ocrx_word' id='word_1_75' title='bbox 627 1277 783 1361; x_wconf 88' lang='lat' dir='ltr'>perscribi</span> <span class='ocrx_word' id='word_1_76' title='bbox 805 1277 917 1340; x_wconf 87' lang='lat' dir='ltr'>solitae</span> <span class='ocrx_word' id='word_1_77' title='bbox 932 1282 1036 1343; x_wconf 89' lang='lat' dir='ltr'>erant.</span> <span class='ocrx_word' id='word_1_78' title='bbox 1081 1277 1155 1343; x_wconf 92' lang='lat' dir='ltr'>Huc</span> <span class='ocrx_word' id='word_1_79' title='bbox 1176 1277 1310 1361; x_wconf 90' lang='lat' dir='ltr'>accedit,</span> 
     </span>
     <span class='ocr_line' id='line_1_10' title="bbox 153 1388 1313 1476; baseline 0.001 -23"><span class='ocrx_word' id='word_1_80' title='bbox 153 1391 251 1474; x_wconf 87' lang='lat' dir='ltr'>qnod</span> <span class='ocrx_word' id='word_1_81' title='bbox 274 1392 309 1457; x_wconf 93' lang='lat' dir='ltr'>in</span> <span class='ocrx_word' id='word_1_82' title='bbox 330 1389 559 1476; x_wconf 81' lang='lat' dir='ltr'>posterioribus</span> <span class='ocrx_word' id='word_1_83' title='bbox 587 1389 709 1452; x_wconf 87' lang='lat' dir='ltr'>duobus</span> <span class='ocrx_word' id='word_1_84' title='bbox 732 1388 876 1452; x_wconf 87' lang='lat' dir='ltr'>versibus</span> <span class='ocrx_word' id='word_1_85' title='bbox 903 1389 1032 1473; x_wconf 79' lang='lat' dir='ltr'>quaevis</span> <span class='ocrx_word' id='word_1_86' title='bbox 1056 1390 1238 1474; x_wconf 88' lang='lat' dir='ltr'>corrigendi</span> <span class='ocrx_word' id='word_1_87' title='bbox 1260 1389 1313 1454; x_wconf 86' lang='lat' dir='ltr'>via</span> 
     </span>
     <span class='ocr_line' id='line_1_11' title="bbox 156 1498 1311 1584; baseline 0.002 -21"><span class='ocrx_word' id='word_1_88' title='bbox 156 1498 295 1568; x_wconf 87' lang='lat' dir='ltr'>videtur</span> <span class='ocrx_word' id='word_1_89' title='bbox 315 1500 491 1567; x_wconf 89' lang='lat' dir='ltr'>interclusa</span> <span class='ocrx_word' id='word_1_90' title='bbox 514 1522 592 1565; x_wconf 89' lang='lat' dir='ltr'>esse.</span> <span class='ocrx_word' id='word_1_91' title='bbox 637 1498 750 1583; x_wconf 90' lang='lat' dir='ltr'>Itaque</span> <span class='ocrx_word' id='word_1_92' title='bbox 773 1520 832 1583; x_wconf 88' lang='lat' dir='ltr'>ego</span> <span class='ocrx_word' id='word_1_93' title='bbox 854 1502 920 1563; x_wconf 88' lang='lat' dir='ltr'>tres</span> <span class='ocrx_word' id='word_1_94' title='bbox 942 1499 1014 1563; x_wconf 92' lang='lat' dir='ltr'>illos</span> <span class='ocrx_word' id='word_1_95' title='bbox 1031 1521 1139 1564; x_wconf 91' lang='lat' dir='ltr'>versus</span> <span class='ocrx_word' id='word_1_96' title='bbox 1154 1499 1226 1584; x_wconf 84' lang='lat' dir='ltr'>Syri</span> <span class='ocrx_word' id='word_1_97' title='bbox 1242 1522 1311 1565; x_wconf 86' lang='lat' dir='ltr'>esse</span> 
     </span>
     <span class='ocr_line' id='line_1_12' title="bbox 158 1611 1312 1696; baseline 0.003 -23"><span class='ocrx_word' id='word_1_98' title='bbox 158 1630 264 1696; x_wconf 88' lang='lat' dir='ltr'>nego.</span> <span class='ocrx_word' id='word_1_99' title='bbox 311 1612 380 1678; x_wconf 91' lang='lat' dir='ltr'>Nec</span> <span class='ocrx_word' id='word_1_100' title='bbox 408 1612 525 1677; x_wconf 89' lang='lat' dir='ltr'>desunt</span> <span class='ocrx_word' id='word_1_101' title='bbox 550 1611 644 1675; x_wconf 90' lang='lat' dir='ltr'>huius</span> <span class='ocrx_word' id='word_1_102' title='bbox 671 1611 850 1674; x_wconf 89' lang='lat' dir='ltr'>sententiae</span> <span class='ocrx_word' id='word_1_103' title='bbox 878 1613 1085 1695; x_wconf 88' lang='lat' dir='ltr'>argumenta:</span> <span class='ocrx_word' id='word_1_104' title='bbox 1114 1632 1195 1695; x_wconf 89' lang='lat' dir='ltr'>quae</span> <span class='ocrx_word' id='word_1_105' title='bbox 1223 1611 1250 1674; x_wconf 88' lang='lat' dir='ltr'>si</span> <span class='ocrx_word' id='word_1_106' title='bbox 1273 1633 1312 1676; x_wconf 85' lang='lat' dir='ltr'>ex</span> 
     </span>
     <span class='ocr_line' id='line_1_13' title="bbox 161 1718 1312 1810; baseline 0.003 -27"><span class='ocrx_word' id='word_1_107' title='bbox 161 1718 295 1788; x_wconf 87' lang='lat' dir='ltr'>dicendi</span> <span class='ocrx_word' id='word_1_108' title='bbox 316 1743 434 1810; x_wconf 90' lang='lat' dir='ltr'>genere</span> <span class='ocrx_word' id='word_1_109' title='bbox 457 1721 565 1786; x_wconf 89' lang='lat' dir='ltr'>omnia</span> <span class='ocrx_word' id='word_1_110' title='bbox 586 1724 694 1784; x_wconf 87' lang='lat' dir='ltr'>essent</span> <span class='ocrx_word' id='word_1_111' title='bbox 707 1721 820 1804; x_wconf 88' lang='lat' dir='ltr'>petita,</span> <span class='ocrx_word' id='word_1_112' title='bbox 843 1743 893 1784; x_wconf 85' lang='lat' dir='ltr'>res</span> <span class='ocrx_word' id='word_1_113' title='bbox 918 1721 1064 1785; x_wconf 84' lang='lat' dir='ltr'>confecta</span> <span class='ocrx_word' id='word_1_114' title='bbox 1088 1723 1186 1803; x_wconf 80' lang='lat' dir='ltr'>csset3</span> <span class='ocrx_word' id='word_1_115' title='bbox 1209 1721 1264 1785; x_wconf 92' lang='lat' dir='ltr'>sed</span> <span class='ocrx_word' id='word_1_116' title='bbox 1279 1722 1312 1786; x_wconf 93' lang='lat' dir='ltr'>id</span> 
     </span>
     <span class='ocr_line' id='line_1_14' title="bbox 163 1827 1312 1916; baseline 0.002 -22"><span class='ocrx_word' id='word_1_117' title='bbox 163 1827 198 1894; x_wconf 84' lang='lat' dir='ltr'>in</span> <span class='ocrx_word' id='word_1_118' title='bbox 226 1855 329 1899; x_wconf 88' lang='lat' dir='ltr'>unum</span> <span class='ocrx_word' id='word_1_119' title='bbox 355 1836 484 1898; x_wconf 88' lang='lat' dir='ltr'>tantum</span> <span class='ocrx_word' id='word_1_120' title='bbox 511 1832 691 1916; x_wconf 85' lang='lat' dir='ltr'>exemplum</span> <span class='ocrx_word' id='word_1_121' title='bbox 720 1831 815 1896; x_wconf 89' lang='lat' dir='ltr'>cadit.</span> <span class='ocrx_word' id='word_1_122' title='bbox 866 1829 943 1906; x_wconf 80' lang='lat' dir='ltr'>Quis</span> <span class='ocrx_word' id='word_1_123' title='bbox 974 1834 1023 1895; x_wconf 90' lang='lat' dir='ltr'>est</span> <span class='ocrx_word' id='word_1_124' title='bbox 1046 1831 1132 1894; x_wconf 89' lang='lat' dir='ltr'>enirn</span> <span class='ocrx_word' id='word_1_125' title='bbox 1154 1831 1312 1914; x_wconf 87' lang='lat' dir='ltr'>probatis·</span> 
     </span>
     <span class='ocr_line' id='line_1_15' title="bbox 167 1937 1312 2024; baseline 0.003 -22"><span class='ocrx_word' id='word_1_126' title='bbox 167 1937 321 2010; x_wconf 82' lang='lat' dir='ltr'>simorum</span> <span class='ocrx_word' id='word_1_127' title='bbox 342 1943 516 2009; x_wconf 78' lang='lat' dir='ltr'>latinitatis</span> <span class='ocrx_word' id='word_1_128' title='bbox 538 1945 715 2024; x_wconf 88' lang='lat' dir='ltr'>auctorum,</span> <span class='ocrx_word' id='word_1_129' title='bbox 739 1942 789 2006; x_wconf 89' lang='lat' dir='ltr'>cui</span> <span class='ocrx_word' id='word_1_130' title='bbox 812 1947 898 2006; x_wconf 78' lang='lat' dir='ltr'>lraud</span> <span class='ocrx_word' id='word_1_131' title='bbox 919 1942 1111 2006; x_wconf 88' lang='lat' dir='ltr'>tantundem</span> <span class='ocrx_word' id='word_1_132' title='bbox 1132 1941 1241 2006; x_wconf 85' lang='lat' dir='ltr'>valeat</span> <span class='ocrx_word' id='word_1_133' title='bbox 1263 1946 1312 2006; x_wconf 88' lang='lat' dir='ltr'>at-</span> 
     </span>
     <span class='ocr_line' id='line_1_16' title="bbox 169 2051 1314 2137; baseline 0 -22"><span class='ocrx_word' id='word_1_134' title='bbox 169 2067 228 2132; x_wconf 85' lang='lat' dir='ltr'>que</span> <span class='ocrx_word' id='word_1_135' title='bbox 255 2056 311 2120; x_wconf 84' lang='lat' dir='ltr'>ne?</span> <span class='ocrx_word' id='word_1_136' title='bbox 332 2054 471 2120; x_wconf 82' lang='lat' dir='ltr'>hancine</span> <span class='ocrx_word' id='word_1_137' title='bbox 493 2052 709 2137; x_wconf 88' lang='lat' dir='ltr'>stribliginem</span> <span class='ocrx_word' id='word_1_138' title='bbox 731 2052 864 2137; x_wconf 82' lang='lat' dir='ltr'>dignam</span> <span class='ocrx_word' id='word_1_139' title='bbox 886 2055 981 2136; x_wconf 89' lang='lat' dir='ltr'>poeta</span> <span class='ocrx_word' id='word_1_140' title='bbox 1003 2051 1158 2117; x_wconf 86' lang='lat' dir='ltr'>iudicabis</span> <span class='ocrx_word' id='word_1_141' title='bbox 1180 2054 1314 2136; x_wconf 89' lang='lat' dir='ltr'>propter</span> 
     </span>
     <span class='ocr_line' id='line_1_17' title="bbox 171 2160 1311 2230; baseline -0.001 -2"><span class='ocrx_word' id='word_1_142' title='bbox 171 2166 324 2230; x_wconf 74' lang='lat' dir='ltr'>sermonis</span> <span class='ocrx_word' id='word_1_143' title='bbox 346 2164 569 2230; x_wconf 87' lang='lat' dir='ltr'>castimoniam</span> <span class='ocrx_word' id='word_1_144' title='bbox 585 2160 764 2227; x_wconf 76' lang='lat' dir='ltr'>collaudato</span> <span class='ocrx_word' id='word_1_145' title='bbox 787 2163 1005 2227; x_wconf 82' lang='lat' dir='ltr'>avcteribus?</span> <span class='ocrx_word' id='word_1_146' title='bbox 1027 2162 1112 2227; x_wconf 91' lang='lat' dir='ltr'>Nam</span> <span class='ocrx_word' id='word_1_147' title='bbox 1134 2163 1311 2227; x_wconf 89' lang='lat' dir='ltr'>coniuncti-</span> 
     </span>
     <span class='ocr_line' id='line_1_18' title="bbox 172 2273 1313 2368; baseline 0 -30"><span class='ocrx_word' id='word_1_148' title='bbox 172 2285 224 2333; x_wconf 62' lang='grc' dir='ltr'>ωε</span> <span class='ocrx_word' id='word_1_149' title='bbox 252 2273 302 2368; x_wconf 70' lang='grc' dir='ltr'>ἱΙΙς</span> <span class='ocrx_word' id='word_1_150' title='bbox 323 2280 532 2353; x_wconf 68' lang='lat' dir='ltr'>bonefacius</span> <span class='ocrx_word' id='word_1_151' title='bbox 552 2274 616 2338; x_wconf 90' lang='lat' dir='ltr'>nisi</span> <span class='ocrx_word' id='word_1_152' title='bbox 640 2275 703 2338; x_wconf 89' lang='lat' dir='ltr'>vim</span> <span class='ocrx_word' id='word_1_153' title='bbox 725 2273 859 2340; x_wconf 89' lang='lat' dir='ltr'>haberet</span> <span class='ocrx_word' id='word_1_154' title='bbox 879 2273 1078 2358; x_wconf 86' lang='lat' dir='ltr'>imperativi,</span> <span class='ocrx_word' id='word_1_155' title='bbox 1107 2274 1196 2338; x_wconf 92' lang='lat' dir='ltr'>nullo</span> <span class='ocrx_word' id='word_1_156' title='bbox 1217 2276 1313 2358; x_wconf 87' lang='lat' dir='ltr'>pacto</span> 
     </span>
     <span class='ocr_line' id='line_1_19' title="bbox 172 2386 1117 2469; baseline 0 -21"><span class='ocrx_word' id='word_1_157' title='bbox 172 2387 355 2452; x_wconf 73' lang='lat' dir='ltr'>conveniret</span> <span class='ocrx_word' id='word_1_158' title='bbox 376 2388 411 2451; x_wconf 92' lang='lat' dir='ltr'>in</span> <span class='ocrx_word' id='word_1_159' title='bbox 433 2386 628 2450; x_wconf 87' lang='lat' dir='ltr'>sententiam</span> <span class='ocrx_word' id='word_1_160' title='bbox 650 2407 746 2469; x_wconf 89' lang='lat' dir='ltr'>quam</span> <span class='ocrx_word' id='word_1_161' title='bbox 768 2389 885 2449; x_wconf 88' lang='lat' dir='ltr'>vocant</span> <span class='ocrx_word' id='word_1_162' title='bbox 908 2405 1117 2450; x_wconf 89' lang='lat' dir='ltr'>communem.</span> 
     </span>
    </p>

    <p class='ocr_par' dir='ltr' id='par_1_3' title="bbox 155 2494 1364 4030">
     <span class='ocr_line' id='line_1_20' title="bbox 258 2494 1364 2581; baseline -0.007 -18"><span class='ocrx_word' id='word_1_163' title='bbox 258 2494 344 2572; x_wconf 85' lang='lat' dir='ltr'>Quod</span> <span class='ocrx_word' id='word_1_164' title='bbox 372 2500 479 2562; x_wconf 90' lang='lat' dir='ltr'>autem</span> <span class='ocrx_word' id='word_1_165' title='bbox 507 2496 620 2581; x_wconf 89' lang='lat' dir='ltr'>reliqui</span> <span class='ocrx_word' id='word_1_166' title='bbox 648 2517 756 2560; x_wconf 89' lang='lat' dir='ltr'>vorsus</span> <span class='ocrx_word' id='word_1_167' title='bbox 785 2497 852 2559; x_wconf 88' lang='lat' dir='ltr'>eius</span> <span class='ocrx_word' id='word_1_168' title='bbox 880 2495 965 2559; x_wconf 91' lang='lat' dir='ltr'>modi</span> <span class='ocrx_word' id='word_1_169' title='bbox 993 2496 1086 2580; x_wconf 88' lang='lat' dir='ltr'>lapsu</span> <span class='ocrx_word' id='word_1_170' title='bbox 1113 2500 1246 2580; x_wconf 88' lang='lat' dir='ltr'>vacant,</span> <span class='ocrx_word' id='word_1_171' title='bbox 1276 2517 1313 2561; x_wconf 89' lang='lat' dir='ltr'>eo</span> <span class='ocrx_word' id='word_1_172' title='bbox 1333 2508 1364 2556; x_wconf 84' lang='lat'>18</span> 
     </span>
     <span class='ocr_line' id='line_1_21' title="bbox 170 2592 1314 2693; baseline 0.003 -27"><span class='ocrx_word' id='word_1_173' title='bbox 170 2592 256 2666; x_wconf 66' lang='lat' dir='ltr'>nihil</span> <span class='ocrx_word' id='word_1_174' title='bbox 277 2609 430 2693; x_wconf 88' lang='lat' dir='ltr'>probatur</span> <span class='ocrx_word' id='word_1_175' title='bbox 452 2607 514 2671; x_wconf 92' lang='lat' dir='ltr'>nisi</span> <span class='ocrx_word' id='word_1_176' title='bbox 530 2606 601 2690; x_wconf 91' lang='lat' dir='ltr'>hoc,</span> <span class='ocrx_word' id='word_1_177' title='bbox 624 2607 766 2690; x_wconf 89' lang='lat' dir='ltr'>potuisse</span> <span class='ocrx_word' id='word_1_178' title='bbox 788 2628 896 2670; x_wconf 91' lang='lat' dir='ltr'>eorum</span> <span class='ocrx_word' id='word_1_179' title='bbox 918 2606 1128 2670; x_wconf 80' lang='lat' dir='ltr'>fabricatores</span> <span class='ocrx_word' id='word_1_180' title='bbox 1143 2606 1314 2690; x_wconf 89' lang='lat' dir='ltr'>aliquando</span> 
     </span>
     <span class='ocr_line' id='line_1_22' title="bbox 167 2701 1314 2803; baseline 0.002 -23"><span class='ocrx_word' id='word_1_181' title='bbox 167 2701 269 2780; x_wconf 69' lang='lat' dir='ltr'>etiam</span> <span class='ocrx_word' id='word_1_182' title='bbox 293 2741 404 2785; x_wconf 88' lang='lat' dir='ltr'>cavere</span> <span class='ocrx_word' id='word_1_183' title='bbox 428 2718 506 2783; x_wconf 87' lang='lat' dir='ltr'>vitia</span> <span class='ocrx_word' id='word_1_184' title='bbox 527 2717 686 2803; x_wconf 88' lang='lat' dir='ltr'>loquendi.</span> <span class='ocrx_word' id='word_1_185' title='bbox 733 2716 794 2781; x_wconf 88' lang='lat' dir='ltr'>Sed</span> <span class='ocrx_word' id='word_1_186' title='bbox 817 2716 955 2781; x_wconf 88' lang='lat' dir='ltr'>librariis</span> <span class='ocrx_word' id='word_1_187' title='bbox 984 2715 1055 2800; x_wconf 89' lang='lat' dir='ltr'>quis</span> <span class='ocrx_word' id='word_1_188' title='bbox 1077 2717 1207 2802; x_wconf 86' lang='lat' dir='ltr'>ignorat</span> <span class='ocrx_word' id='word_1_189' title='bbox 1229 2717 1314 2801; x_wconf 91' lang='lat' dir='ltr'>quic·</span> 
     </span>
     <span class='ocr_line' id='line_1_23' title="bbox 165 2826 1313 2913; baseline 0 -21"><span class='ocrx_word' id='word_1_190' title='bbox 165 2829 268 2892; x_wconf 63' lang='lat' dir='ltr'>luam</span> <span class='ocrx_word' id='word_1_191' title='bbox 290 2853 350 2896; x_wconf 88' lang='lat' dir='ltr'>usu</span> <span class='ocrx_word' id='word_1_192' title='bbox 373 2830 498 2895; x_wconf 88' lang='lat' dir='ltr'>venisse</span> <span class='ocrx_word' id='word_1_193' title='bbox 514 2829 714 2913; x_wconf 87' lang='lat' dir='ltr'>frequentius</span> <span class='ocrx_word' id='word_1_194' title='bbox 730 2850 825 2913; x_wconf 91' lang='lat' dir='ltr'>quam</span> <span class='ocrx_word' id='word_1_195' title='bbox 841 2826 959 2892; x_wconf 86' lang='lat' dir='ltr'>similos</span> <span class='ocrx_word' id='word_1_196' title='bbox 974 2827 1061 2891; x_wconf 84' lang='lat' dir='ltr'>inter</span> <span class='ocrx_word' id='word_1_197' title='bbox 1075 2849 1109 2892; x_wconf 91' lang='lat' dir='ltr'>se</span> <span class='ocrx_word' id='word_1_198' title='bbox 1125 2829 1313 2912; x_wconf 89' lang='lat' dir='ltr'>sententias,</span> 
     </span>
     <span class='ocr_line' id='line_1_24' title="bbox 161 2918 1315 3025; baseline 0.002 -24"><span class='ocrx_word' id='word_1_199' title='bbox 161 2938 246 3001; x_wconf 62' lang='lat' dir='ltr'>(luas</span> <span class='ocrx_word' id='word_1_200' title='bbox 276 2941 462 3007; x_wconf 88' lang='lat' dir='ltr'>memoriola</span> <span class='ocrx_word' id='word_1_201' title='bbox 489 2940 732 3025; x_wconf 82' lang='lat' dir='ltr'>suppeditabat,</span> <span class='ocrx_word' id='word_1_202' title='bbox 768 2938 913 3002; x_wconf 87' lang='lat' dir='ltr'>conferre</span> <span class='ocrx_word' id='word_1_203' title='bbox 942 2941 1037 3023; x_wconf 86' lang='lat' dir='ltr'>atque</span> <span class='ocrx_word' id='word_1_204' title='bbox 1065 2918 1199 3004; x_wconf 82' lang='lat' dir='ltr'>alteram</span> <span class='ocrx_word' id='word_1_205' title='bbox 1221 2939 1315 3003; x_wconf 89' lang='lat' dir='ltr'>alteri</span> 
     </span>
     <span class='ocr_line' id='line_1_25' title="bbox 159 3027 1315 3147; baseline -0.003 -30"><span class='ocrx_word' id='word_1_206' title='bbox 159 3027 373 3147; x_wconf 52' lang='lat' dir='ltr'>Quare?</span> <span class='ocrx_word' id='word_1_207' title='bbox 400 3073 462 3136; x_wconf 91' lang='lat' dir='ltr'>quo</span> <span class='ocrx_word' id='word_1_208' title='bbox 484 3051 607 3114; x_wconf 81' lang='lat' dir='ltr'>factum</span> <span class='ocrx_word' id='word_1_209' title='bbox 630 3054 693 3133; x_wconf 91' lang='lat' dir='ltr'>est,</span> <span class='ocrx_word' id='word_1_210' title='bbox 723 3053 759 3113; x_wconf 91' lang='lat' dir='ltr'>ut</span> <span class='ocrx_word' id='word_1_211' title='bbox 781 3050 879 3113; x_wconf 89' lang='lat' dir='ltr'>ctiam</span> <span class='ocrx_word' id='word_1_212' title='bbox 901 3049 1094 3133; x_wconf 90' lang='lat' dir='ltr'>optimorum</span> <span class='ocrx_word' id='word_1_213' title='bbox 1123 3051 1315 3134; x_wconf 87' lang='lat' dir='ltr'>scriptorum</span> 
     </span>
     <span class='ocr_line' id='line_1_26' title="bbox 156 3133 1315 3256; baseline -0.003 -28"><span class='ocrx_word' id='word_1_214' title='bbox 156 3133 238 3256; x_wconf 57' lang='lat' dir='ltr'>lfbfi</span> <span class='ocrx_word' id='word_1_215' title='bbox 261 3163 314 3228; x_wconf 78' lang='lat' dir='ltr'>aa</span> <span class='ocrx_word' id='word_1_216' title='bbox 336 3163 415 3227; x_wconf 90' lang='lat' dir='ltr'>locis</span> <span class='ocrx_word' id='word_1_217' title='bbox 439 3163 717 3245; x_wconf 84' lang='lat' dir='ltr'>corrumperentur</span> <span class='ocrx_word' id='word_1_218' title='bbox 747 3164 779 3224; x_wconf 88' lang='lat' dir='ltr'>et</span> <span class='ocrx_word' id='word_1_219' title='bbox 807 3160 1089 3245; x_wconf 84' lang='lat' dir='ltr'>interpolarentur.</span> <span class='ocrx_word' id='word_1_220' title='bbox 1135 3160 1315 3224; x_wconf 81' lang='lat' dir='ltr'>Eosdemne</span> 
     </span>
     <span class='ocr_line' id='line_1_27' title="bbox 155 3242 1314 3356; baseline -0.003 -18"><span class='ocrx_word' id='word_1_221' title='bbox 155 3242 316 3338; x_wconf 57' lang='lat' dir='ltr'>llbl&#39;arios</span> <span class='ocrx_word' id='word_1_222' title='bbox 337 3271 445 3338; x_wconf 84' lang='lat' dir='ltr'>credes</span> <span class='ocrx_word' id='word_1_223' title='bbox 466 3271 631 3336; x_wconf 86' lang='lat' dir='ltr'>libidinem</span> <span class='ocrx_word' id='word_1_224' title='bbox 653 3272 829 3335; x_wconf 83' lang='lat' dir='ltr'>coercuisse</span> <span class='ocrx_word' id='word_1_225' title='bbox 851 3293 951 3354; x_wconf 88' lang='lat' dir='ltr'>suam,</span> <span class='ocrx_word' id='word_1_226' title='bbox 975 3272 1030 3335; x_wconf 92' lang='lat' dir='ltr'>ubi</span> <span class='ocrx_word' id='word_1_227' title='bbox 1053 3270 1197 3356; x_wconf 86' lang='lat' dir='ltr'>singulos</span> <span class='ocrx_word' id='word_1_228' title='bbox 1218 3272 1314 3335; x_wconf 87' lang='lat' dir='ltr'>versi·</span> 
     </span>
     <span class='ocr_line' id='line_1_28' title="bbox 158 3359 1315 3450; baseline -0.004 0"><span class='ocrx_word' id='word_1_229' title='bbox 158 3359 256 3441; x_wconf 69' lang='lat'><strong>⁰⁰10⁸</strong></span> <span class='ocrx_word' id='word_1_230' title='bbox 286 3406 347 3450; x_wconf 90' lang='lat' dir='ltr'>nec</span> <span class='ocrx_word' id='word_1_231' title='bbox 376 3383 441 3447; x_wconf 92' lang='lat' dir='ltr'>allo</span> <span class='ocrx_word' id='word_1_232' title='bbox 469 3384 649 3447; x_wconf 90' lang='lat' dir='ltr'>sententiae</span> <span class='ocrx_word' id='word_1_233' title='bbox 678 3383 806 3447; x_wconf 89' lang='lat' dir='ltr'>vinculo</span> <span class='ocrx_word' id='word_1_234' title='bbox 833 3382 919 3446; x_wconf 90' lang='lat' dir='ltr'>inter</span> <span class='ocrx_word' id='word_1_235' title='bbox 947 3404 981 3445; x_wconf 90' lang='lat' dir='ltr'>se</span> <span class='ocrx_word' id='word_1_236' title='bbox 1004 3403 1141 3446; x_wconf 83' lang='lat' dir='ltr'>conexos</span> <span class='ocrx_word' id='word_1_237' title='bbox 1163 3382 1315 3446; x_wconf 90' lang='lat' dir='ltr'>transcri-</span> 
     </span>
     <span class='ocr_line' id='line_1_29' title="bbox 155 3462 1314 3586; baseline -0.001 -29"><span class='ocrx_word' id='word_1_238' title='bbox 155 3462 307 3586; x_wconf 44' lang='lat' dir='ltr'>bfrent?</span> <span class='ocrx_word' id='word_1_239' title='bbox 329 3494 499 3558; x_wconf 88' lang='lat' dir='ltr'>eosdemne</span> <span class='ocrx_word' id='word_1_240' title='bbox 520 3515 633 3556; x_wconf 86' lang='lat' dir='ltr'>manus</span> <span class='ocrx_word' id='word_1_241' title='bbox 649 3493 842 3557; x_wconf 88' lang='lat' dir='ltr'>abstinuisse</span> <span class='ocrx_word' id='word_1_242' title='bbox 864 3492 906 3556; x_wconf 89' lang='lat' dir='ltr'>ab</span> <span class='ocrx_word' id='word_1_243' title='bbox 922 3492 1151 3576; x_wconf 87' lang='lat' dir='ltr'>adspergendis</span> <span class='ocrx_word' id='word_1_244' title='bbox 1173 3493 1314 3556; x_wconf 87' lang='lat' dir='ltr'>inseren-</span> 
     </span>
     <span class='ocr_line' id='line_1_30' title="bbox 157 3573 1315 3688; baseline 0.001 -24"><span class='ocrx_word' id='word_1_245' title='bbox 157 3573 280 3678; x_wconf 62' lang='lat' dir='ltr'>dmque</span> <span class='ocrx_word' id='word_1_246' title='bbox 302 3603 477 3687; x_wconf 87' lang='lat' dir='ltr'>versiculis,</span> <span class='ocrx_word' id='word_1_247' title='bbox 501 3625 579 3688; x_wconf 90' lang='lat' dir='ltr'>quos</span> <span class='ocrx_word' id='word_1_248' title='bbox 601 3603 652 3667; x_wconf 90' lang='lat' dir='ltr'>vel</span> <span class='ocrx_word' id='word_1_249' title='bbox 674 3604 918 3667; x_wconf 86' lang='lat' dir='ltr'>recordarentur</span> <span class='ocrx_word' id='word_1_250' title='bbox 932 3601 982 3666; x_wconf 87' lang='lat' dir='ltr'>vel</span> <span class='ocrx_word' id='word_1_251' title='bbox 1004 3624 1060 3666; x_wconf 90' lang='lat' dir='ltr'>suo</span> <span class='ocrx_word' id='word_1_252' title='bbox 1084 3602 1219 3666; x_wconf 88' lang='lat' dir='ltr'>artificio</span> <span class='ocrx_word' id='word_1_253' title='bbox 1243 3623 1315 3666; x_wconf 92' lang='lat' dir='ltr'>con·</span> 
     </span>
     <span class='ocr_line' id='line_1_31' title="bbox 161 3705 1317 3799; baseline 0 -24"><span class='ocrx_word' id='word_1_254' title='bbox 161 3705 326 3779; x_wconf 65' lang='lat' dir='ltr'>snerent?</span> <span class='ocrx_word' id='word_1_255' title='bbox 362 3714 490 3799; x_wconf 86' lang='lat' dir='ltr'>quando</span> <span class='ocrx_word' id='word_1_256' title='bbox 522 3713 631 3798; x_wconf 88' lang='lat' dir='ltr'>pusilli</span> <span class='ocrx_word' id='word_1_257' title='bbox 668 3713 808 3799; x_wconf 90' lang='lat' dir='ltr'>ingenii·</span> <span class='ocrx_word' id='word_1_258' title='bbox 829 3711 1043 3776; x_wconf 86' lang='lat' dir='ltr'>imbecillitati</span> <span class='ocrx_word' id='word_1_259' title='bbox 1075 3711 1157 3776; x_wconf 91' lang='lat' dir='ltr'>nihil</span> <span class='ocrx_word' id='word_1_260' title='bbox 1190 3714 1317 3796; x_wconf 90' lang='lat' dir='ltr'>poterat</span> 
     </span>
     <span class='ocr_line' id='line_1_32' title="bbox 164 3816 1316 3908; baseline -0.002 -20"><span class='ocrx_word' id='word_1_261' title='bbox 164 3816 332 3906; x_wconf 62' lang='lat' dir='ltr'>aeeeptius</span> <span class='ocrx_word' id='word_1_262' title='bbox 360 3846 429 3889; x_wconf 86' lang='lat' dir='ltr'>esse</span> <span class='ocrx_word' id='word_1_263' title='bbox 458 3827 553 3908; x_wconf 59' lang='lat' dir='ltr'>amue</span> <span class='ocrx_word' id='word_1_264' title='bbox 586 3824 767 3907; x_wconf 82' lang='lat' dir='ltr'>exoptatius</span> <span class='ocrx_word' id='word_1_265' title='bbox 795 3845 891 3906; x_wconf 87' lang='lat' dir='ltr'>qaam</span> <span class='ocrx_word' id='word_1_266' title='bbox 920 3823 1144 3907; x_wconf 88' lang='lat' dir='ltr'>pervulgatam</span> <span class='ocrx_word' id='word_1_267' title='bbox 1176 3821 1316 3907; x_wconf 90' lang='lat' dir='ltr'>aliquam</span> 
     </span>
     <span class='ocr_line' id='line_1_33' title="bbox 168 3927 1316 4030; baseline -0.001 -33"><span class='ocrx_word' id='word_1_268' title='bbox 168 3927 365 4030; x_wconf 44' lang='lat' dir='ltr'>&amp;narbam</span> <span class='ocrx_word' id='word_1_269' title='bbox 398 3938 431 3998; x_wconf 91' lang='lat' dir='ltr'>et</span> <span class='ocrx_word' id='word_1_270' title='bbox 459 3934 621 3999; x_wconf 86' lang='lat' dir='ltr'>cotidiana</span> <span class='ocrx_word' id='word_1_271' title='bbox 660 3933 888 3998; x_wconf 88' lang='lat' dir='ltr'>consuetudine</span> <span class='ocrx_word' id='word_1_272' title='bbox 922 3933 1093 3998; x_wconf 88' lang='lat' dir='ltr'>contritam</span> <span class='ocrx_word' id='word_1_273' title='bbox 1130 3933 1164 3997; x_wconf 91' lang='lat' dir='ltr'>in</span> <span class='ocrx_word' id='word_1_274' title='bbox 1197 3932 1316 3997; x_wconf 87' lang='lat' dir='ltr'>senarii</span> 
     </span>
    </p>

    <p class='ocr_par' dir='ltr' id='par_1_4' title="bbox 95 4032 1317 4461">
     <span class='ocr_line' id='line_1_34' title="bbox 95 4032 1317 4128; baseline 0.001 -23"><span class='ocrx_word' id='word_1_275' title='bbox 95 4032 113 4055; x_wconf 72' lang='lat'><strong>⁴</strong></span> <span class='ocrx_word' id='word_1_276' title='bbox 174 4039 303 4112; x_wconf 64' lang='lat' dir='ltr'>ulurbici</span> <span class='ocrx_word' id='word_1_277' title='bbox 329 4046 411 4110; x_wconf 78' lang='lat' dir='ltr'>fines</span> <span class='ocrx_word' id='word_1_278' title='bbox 440 4045 530 4128; x_wconf 89' lang='lat' dir='ltr'>quasi</span> <span class='ocrx_word' id='word_1_279' title='bbox 557 4044 718 4109; x_wconf 89' lang='lat' dir='ltr'>infercire.</span> <span class='ocrx_word' id='word_1_280' title='bbox 771 4043 832 4108; x_wconf 85' lang='lat' dir='ltr'>Sed</span> <span class='ocrx_word' id='word_1_281' title='bbox 860 4042 1126 4127; x_wconf 86' lang='lat' dir='ltr'>intemperantior</span> <span class='ocrx_word' id='word_1_282' title='bbox 1153 4043 1222 4107; x_wconf 89' lang='lat' dir='ltr'>sine</span> <span class='ocrx_word' id='word_1_283' title='bbox 1251 4042 1317 4107; x_wconf 90' lang='lat' dir='ltr'>ulla</span> 
     </span>
     <span class='ocr_line' id='line_1_35' title="bbox 95 4152 1316 4238; baseline 0.001 -23"><span class='ocrx_word' id='word_1_284' title='bbox 95 4156 102 4185; x_wconf 73' lang='lat'>⁸</span> <span class='ocrx_word' id='word_1_285' title='bbox 179 4152 387 4222; x_wconf 65' lang='lat' dir='ltr'>mutaveram</span> <span class='ocrx_word' id='word_1_286' title='bbox 409 4153 566 4218; x_wconf 85' lang='lat' dir='ltr'>editorum</span> <span class='ocrx_word' id='word_1_287' title='bbox 593 4155 655 4219; x_wconf 83' lang='lat' dir='ltr'>fuit</span> <span class='ocrx_word' id='word_1_288' title='bbox 677 4153 785 4218; x_wconf 92' lang='lat' dir='ltr'>libido.</span> <span class='ocrx_word' id='word_1_289' title='bbox 836 4152 941 4217; x_wconf 92' lang='lat' dir='ltr'>Publii</span> <span class='ocrx_word' id='word_1_290' title='bbox 968 4154 1053 4218; x_wconf 90' lang='lat' dir='ltr'>enim</span> <span class='ocrx_word' id='word_1_291' title='bbox 1075 4154 1146 4238; x_wconf 81' lang='lat' dir='ltr'>Syri</span> <span class='ocrx_word' id='word_1_292' title='bbox 1170 4152 1316 4218; x_wconf 84' lang='lat' dir='ltr'>versiculi</span> 
     </span>
     <span class='ocr_line' id='line_1_36' title="bbox 184 4262 1314 4350; baseline -0.002 -22"><span class='ocrx_word' id='word_1_293' title='bbox 184 4266 247 4328; x_wconf 61' lang='lat' dir='ltr'>lum</span> <span class='ocrx_word' id='word_1_294' title='bbox 266 4268 385 4350; x_wconf 88' lang='lat' dir='ltr'>partim</span> <span class='ocrx_word' id='word_1_295' title='bbox 412 4265 530 4329; x_wconf 88' lang='lat' dir='ltr'>servati</span> <span class='ocrx_word' id='word_1_296' title='bbox 558 4265 625 4328; x_wconf 90' lang='lat' dir='ltr'>sint</span> <span class='ocrx_word' id='word_1_297' title='bbox 647 4288 665 4328; x_wconf 91' lang='lat' dir='ltr'>a</span> <span class='ocrx_word' id='word_1_298' title='bbox 689 4264 848 4328; x_wconf 89' lang='lat' dir='ltr'>veteribus</span> <span class='ocrx_word' id='word_1_299' title='bbox 876 4264 1067 4348; x_wconf 89' lang='lat' dir='ltr'>quibusdam</span> <span class='ocrx_word' id='word_1_300' title='bbox 1094 4262 1314 4346; x_wconf 87' lang='lat' dir='ltr'>scriptoribus,</span> 
     </span>
     <span class='ocr_line' id='line_1_37' title="bbox 187 4369 1316 4461; baseline 0.003 -25"><span class='ocrx_word' id='word_1_301' title='bbox 187 4369 261 4441; x_wconf 81' lang='lat' dir='ltr'>velut</span> <span class='ocrx_word' id='word_1_302' title='bbox 286 4398 306 4440; x_wconf 91' lang='lat' dir='ltr'>a</span> <span class='ocrx_word' id='word_1_303' title='bbox 333 4375 472 4460; x_wconf 83' lang='lat' dir='ltr'>Seneca,</span> <span class='ocrx_word' id='word_1_304' title='bbox 502 4374 623 4460; x_wconf 88' lang='lat' dir='ltr'>Gellio,</span> <span class='ocrx_word' id='word_1_305' title='bbox 653 4373 833 4460; x_wconf 88' lang='lat' dir='ltr'>Macrobio,</span> <span class='ocrx_word' id='word_1_306' title='bbox 866 4375 986 4460; x_wconf 87' lang='lat' dir='ltr'>partim</span> <span class='ocrx_word' id='word_1_307' title='bbox 1008 4373 1182 4459; x_wconf 89' lang='lat' dir='ltr'>separatim</span> <span class='ocrx_word' id='word_1_308' title='bbox 1204 4374 1316 4461; x_wconf 88' lang='lat' dir='ltr'>scripti</span> 
     </span>
    </p>
   </div>
   <div class='ocr_carea' id='block_1_3' title="bbox 0 0 1468 5040">
    <p class='ocr_par' dir='ltr' id='par_1_5' title="bbox 0 0 1468 5040">
     <span class='ocr_line' id='line_1_38' title="bbox 0 0 1468 5040; baseline 0 0"><span class='ocrx_word' id='word_1_309' title='bbox 0 0 1468 5040; x_wconf 95' lang='lat' dir='ltr'> </span> 
     </span>
    </p>
   </div>
  </div>
 </body>
</html>
